3544 5320
848 365 1024 426 ...μμ

299 570 409 656 qualis
447 569 592 638 auctoris
617 569 758 637 imitatio
787 569 840 650 sit,
871 568 1024 638 ordinem
1058 587 1165 640 rerum
1201 570 1306 637 secuti
1342 568 1576 654 quaestionem

299 677 527 752 instituamus:
565 719 567 725 ι

389 781 475 850 Cum
504 781 555 850 Au
582 783 714 850 ustinus
750 783 793 851 ad
820 782 923 853 tinem
952 782 1027 851 libri
1054 783 1075 854 l.
1105 782 1236 850 dixerit:
1282 781 1376 860 ,Illos
1406 782 1465 868 (sc.
1493 780 1579 850 nea·

300 803 874 976 denicoslfflffieldecrevi“
910 892 943 958 et
974 889 1047 958 libri
1077 889 1111 958 11.
1141 890 1272 959 initium
1300 890 1399 956 iaciat
1425 888 1486 956 ita:
1523 887 1578 965 ,Si

300 1014 401 1082 quam
426 1014 565 1064 necesse
588 1001 639 1064 est
661 996 839 1083 disciplina
863 999 968 1083 atque
987 996 1124 1065 scientia
1141 996 1326 1081 sapientiae
1340 1013 1483 1064 vacuum
1500 1013 1576 1063 esse

299 1120 369 1171 non
385 1121 488 1189 posse
504 1103 703 1190 sapientem,
718 1105 786 1171 tam
803 1121 878 1171 eam
895 1120 1032 1172 necesse
1045 1107 1134 1172 esset
1145 1103 1293 1172 invenire
1305 1103 1386 1170 dum
1400 1103 1578 1189 quaeritur,

299 1210 412 1277 omnis
429 1210 575 1297 proiecto
587 1208 865 1278 Academicorum
885 1210 938 1278 vel
955 1210 1122 1278 calumnia
1140 1259 1148 1278 .
1165 1261 1174 1277 .
1192 1259 1199 1278 .
1216 1227 1292 1278 cum
1309 1210 1416 1296 ipsius
1433 1207 1577 1278 Carnea-

299 1316 352 1384 dis
380 1315 621 1402 Ciceronisque
661 1316 858 1403 corporibus
893 1318 1024 1403 sepulta
1058 1317 1174 1398 ioret“,
1214 1316 1330 1386 credas
1359 1335 1436 1384 eum
1455 1315 1578 1390 statim

299 1423 343 1492 de
365 1424 497 1491 illorum
520 1424 670 1493 doctrina
685 1423 856 1509 disputare
872 1424 967 1492 velle.
1006 1423 1117 1510 Atque
1133 1423 1223 1492 haud
1239 1424 1310 1492 scio
1326 1443 1369 1492 an
1385 1423 1580 1510 explicatio·

300 1529 401 1598 nibus
424 1548 452 1597 c.
475 1529 533 1599 Ac.
557 1531 582 1598 ll
609 1531 640 1598 1:
677 1530 763 1608 ,Sed
791 1531 871 1616 quia
899 1532 970 1598 sive
992 1532 1082 1600 vitae
1104 1531 1217 1599 multis
1239 1531 1408 1617 variisque
1430 1529 1578 1598 iactatio·

300 1636 411 1717 nibus,
429 1686 436 1703 .
455 1686 462 1704 .
480 1636 551 1705 sive
570 1637 783 1724 ingeniorum
806 1638 955 1723 quodam
977 1640 1124 1724 stupore,
1149 1688 1209 1706 ...
1228 1689 1235 1706 .
1251 1638 1323 1706 sive
1339 1637 1576 1724 desperatione

300 1743 504 1824 inveniendi,
518 1744 597 1830 quia
610 1762 679 1811 non
691 1747 760 1812 tam
772 1744 869 1812 iacile
881 1745 1050 1813 mentibus
1063 1744 1248 1830 sapientiae
1263 1744 1357 1812 sidus
1369 1743 1521 1812 oboritur

300 1867 364 1919 nec
394 1850 571 1936 diligenter
603 1851 758 1919 homines
792 1854 965 1937 quaerunt,
992 1855 1109 1919 et
1140 1869 1159 1918 a
1190 1851 1373 1936 quaerendi
1405 1849 1579 1918 voluntate

301 1960 500 2038 avertuntur,
541 1958 662 2038 evenit,
702 1962 738 2026 ut
774 1957 912 2026 scientia
952 1974 1024 2025 raro
1063 1957 1248 2044 paucisque
1291 1957 1483 2042 proventae
1505 2012 1507 2016 .
1529 1973 1579 2022 re·

301 2063 501 2148 spondeant,
526 2083 612 2152 quae
636 2064 758 2149 scripta
782 2064 1040 2134 suntAc.117:
1068 2064 1157 2142 ,Ε151
1181 2065 1272 2134 enirn
1296 2065 1409 2132 onmis
1426 2063 1578 2149 cognitio

302 2170 413 2239 multis
447 2174 498 2238 est
530 2172 698 2239 obstructa
732 2171 991 2250 difficultatibus,
1026 2188 1135 2255 eaque
1162 2174 1213 2239 est
1240 2173 1273 2239 et
1300 2171 1334 2239 in
1365 2170 1449 2257 ipsis
1477 2173 1578 2238 rebus

301 2278 488 2346 obscuritas
522 2283 555 2346 et
588 2279 623 2345 in
657 2278 789 2347 iudiciis
824 2278 947 2346 nostris
982 2278 1167 2359 infirmitas
1207 2283 1243 2347 ut
1277 2296 1346 2346 non
1374 2278 1448 2349 sine
1472 2293 1578 2344 causa

302 2491 411 2558 diiiisi·
426 2492 512 2560 sint“
538 2495 570 2559 et
589 2490 647 2560 Ac.
671 2491 778 2559 1145:
811 2491 896 2569 ,Sed
920 2495 1031 2560 tamen
1055 2493 1181 2560 maiore
1204 2510 1293 2578 opus
1320 2495 1372 2559 est
1394 2489 1578 2577 diligentia,

303 2616 345 2665 ne
373 2599 415 2665 ab
441 2598 491 2679 iis,
514 2616 603 2683 quae
624 2598 711 2666 clara
739 2599 816 2679 sint,
929 2598 1144 2686 depellamur.
1170 2599 1240 2686 (46)
1264 2597 1464 2666 adversatur
1487 2598 1576 2665 enim

303 2707 459 2794 primum,
488 2705 582 2791 quod
611 2724 729 2792 parum
759 2705 912 2792 deligunt
950 2706 1104 2781 animos,
1123 2756 1130 2773 .
1149 2757 1156 2774 .
1175 2728 1198 2787 .;
1227 2706 1365 2774 alterum
1394 2709 1453 2786 est,
1483 2705 1578 2791 quod

302 2813 477 2881 iallacibus
506 2817 537 2880 et
560 2813 719 2898 captiosis
754 2813 1072 2899 interrogationibus
1102 2813 1428 2899 circumscripti...
1453 2812 1577 2879 descis-

303 2924 381 2989 cunt
415 2939 434 2987 a
468 2920 634 2987 veritate.“
681 2919 813 2987 Etenim
849 2920 902 2987 hic
933 2924 1037 3006 atque
1071 2920 1137 2988 illic
1165 2919 1404 3007 impedimenta
1433 2919 1579 2987 veritatis

303 3026 526 3114 inveniendae
563 3030 596 3093 et
627 3027 661 3094 in
697 3027 873 3094 hominum
902 3027 990 3094 vitiis
1023 3029 1055 3095 et
1084 3026 1119 3094 in
1147 3045 1255 3094 rerum
1284 3027 1485 3095 obscuritate
1518 3044 1579 3112 po·

304 3137 436 3201 nontur.
483 3133 550 3202 Sed
574 3151 662 3218 quae
684 3136 755 3200 tum
772 3138 957 3219 sequuntur
972 3133 1011 3221 (ll
1030 3134 1075 3221 1);
1104 3133 1353 3216 ,Quamobrem
1371 3137 1485 3202 contra
1502 3133 1579 3201 illos

303 3240 424 3308 fluctus
445 3241 677 3326 procellasque
704 3240 866 3320 fortunae,
890 3259 974 3308 curn
999 3241 1260 3310 obnitendum
1289 3241 1388 3309 remis
1416 3240 1581 3327 qualium·

304 3365 449 3433 cumque
483 3348 689 3428 virtutum,
728 3352 807 3415 tum
845 3347 884 3414 in
919 3349 1056 3434 primis
1096 3347 1246 3414 divinum
1282 3347 1442 3415 auxilium
1472 3399 1480 3414 .
1506 3398 1513 3414 .
1539 3397 1581 3414 ..

305 3453 553 3539 implorandum
599 3457 660 3533 est,
707 3456 742 3520 ut
787 3455 961 3522 intentio
1000 3455 1340 3524 constantissima
1379 3456 1580 3523 bonorum

305 3560 526 3628 studiorum
540 3563 674 3628 teneat
689 3579 844 3628 cursum
857 3562 1032 3643 suum“,in
1046 3561 1310 3630 sententiaslibri
1323 3561 1369 3629 1.1
1385 3561 1581 3647 explanatas

305 3668 504 3735 relabuntur.
551 3667 669 3735 lterum
698 3667 850 3735 fortunae
878 3669 1003 3736 mentio
1027 3668 1075 3749 iit,
1104 3668 1200 3736 cuius
1223 3667 1455 3754 proiligandae
1479 3685 1580 3734 causa

306 3792 376 3841 non
399 3777 466 3841 tam
490 3775 609 3841 virtute
633 3792 734 3860 quam
759 3775 813 3842 dei
837 3775 960 3843 auxilio
977 3793 1064 3861 opus
1081 3776 1132 3842 sit.
1180 3774 1260 3857 Quo
1276 3775 1353 3842 loco
1369 3773 1579 3860 Augustinus

307 3883 515 3966 quantopere
550 3880 746 3948 Ciceronem
783 3881 930 3949 imitatus
965 3882 1016 3962 sit,
1056 3885 1091 3948 ut
1126 3885 1294 3968 appareat,
1330 3883 1583 3950 reminiscamur

305 3985 404 4054 Tusc.
420 3986 450 4053 V
465 3985 529 4072 21).
577 3986 742 4069 Quamvis
766 3987 907 4055 imitatio
931 3988 1031 4055 simili
1060 4006 1183 4074 genere
1211 3988 1344 4057 dicendi
1369 4006 1463 4066 ,curn
1484 3987 1581 4055 obui-

305 4095 445 4161 tendum
477 4095 675 4162 remis...
704 4094 881 4162 virtutum‘
918 4098 950 4162 et
985 4096 1131 4172 ,virtutis
1159 4095 1282 4162 fiducia
1311 4095 1504 4162 nitendum‘
1538 4093 1581 4161 ab

306 4205 448 4288 utroque
477 4201 510 4268 in
535 4202 653 4269 eadem
677 4202 840 4269 sententia
864 4201 1013 4269 adhibito
1038 4202 1214 4269 manifesta
1238 4203 1290 4282 sit,
1318 4203 1419 4270 etiam
1442 4201 1580 4280 accedit,

307 4309 399 4396 quod
438 4325 551 4375 rursus
585 4308 817 4396 admonetur)
855 4309 924 4375 vim
962 4308 1114 4375 fortunae
1153 4309 1258 4376 votis
1292 4308 1441 4396 superari
1480 4325 1582 4394 posse

307 4413 347 4502 (11
373 4417 401 4495 1,
428 4415 475 4502 1):
509 4415 605 4492 ,hinc
718 4415 924 4503 quotidianis
951 4415 1055 4483 votis
1083 4434 1180 4483 auras
1204 4416 1263 4483 tibi
1287 4434 1465 4502 prosperas
1488 4433 1583 4483 orare

307 4541 377 4590 non
402 4530 530 4588 cesso!
577 4522 751 4591 Praeterea
775 4541 851 4590 cum
876 4507 978 4589 verbo
1002 4521 1022 4588 1.
1041 4541 1069 4588 a.
1091 4526 1278 4599 ,cursus“
1297 4522 1415 4591 eadem
1433 4523 1583 4590 subiecta

395 4682 419 4750 ¹)
439 4680 471 4736 ct.
490 4695 555 4752 pag.
569 4680 611 4737 13.

395 4769 419 4840 ¹)
439 4769 470 4824 ci.
490 4784 553 4842 pag.
569 4769 609 4825 13.
