3544 5320
837 354 1016 414 ..23-

280 561 410 647 qualia,
435 559 495 628 sed
511 562 636 645 quanta
651 558 850 630 Academica
866 559 998 640 luerint,
1022 560 1206 646 patefacere
1221 560 1255 627 in
1279 559 1393 627 animo
1410 559 1566 628 habebat.

286 666 412 752 ltaque,
429 666 457 734 si
474 666 579 734 modo
595 685 661 733 vox
678 669 834 746 „tamen“
851 666 1049 753 explicanda
1065 669 1125 747 est,
1141 667 1223 734 illud
1241 666 1480 752 „grandiores“
1497 684 1567 734 non

279 773 396 841 solum
424 773 468 840 ad
501 773 801 858 argumentationis
835 773 1049 842 subtilitatem
1084 791 1198 841 verum
1238 774 1337 841 etiam
1377 773 1418 840 ad
1457 791 1566 840 rerum

286 880 532 965 verborumque
555 879 689 966 copiam
706 879 915 948 referendum
932 897 1007 948 esse
1023 881 1172 948 arbitror.
1218 880 1353 963 Quodsi
1370 880 1473 967 paulo
1490 883 1568 967 post

284 987 320 1054 in
344 986 579 1074 §2legimus:
607 986 734 1063 ,Multo
757 991 869 1054 tamen
889 987 973 1056 haec
988 990 1083 1055 erunt
1106 986 1345 1074 splendidiora,
1370 987 1566 1068 breviora,

281 1094 459 1174 meliora“,
487 1094 539 1161 bis
562 1094 673 1162 verbis
696 1093 751 1161 ille
780 1093 823 1161 de
852 1093 892 1162 iis
920 1093 1003 1180 ipsis
1033 1093 1182 1180 partibus
1204 1094 1344 1179 cogitat,
1380 1093 1414 1160 in
1442 1093 1566 1178 quibus

288 1204 367 1268 sunt
395 1200 522 1281 „multa
544 1200 722 1269 detracta“.
767 1199 854 1268 Cum
888 1204 999 1269 autem
1029 1200 1201 1278 Ciceronis
1229 1200 1406 1288 responsio
1434 1199 1508 1267 libri
1531 1199 1566 1268 11.

281 1324 397 1392 vpaene
429 1307 472 1374 ad
500 1307 601 1374 verba
629 1327 670 1375 ex
698 1307 807 1393 priore
835 1308 982 1376 editione
1017 1309 1051 1375 in
1080 1307 1299 1392 posteriorem
1334 1307 1455 1376 collata
1481 1303 1567 1390 sit1),

284 1414 343 1481 ille
377 1414 473 1481 locus
508 1413 672 1500 imprimis
707 1414 749 1482 ad
777 1414 937 1483 Varronis
971 1415 1213 1500 explicationes
1247 1416 1399 1500 spectare
1427 1412 1567 1481 videtur.

287 1519 365 1588 Hoc
379 1519 596 1588 confirmatur
618 1539 670 1607 ep.
697 1520 819 1588 adAtt.
832 1521 900 1589 Xlll
917 1521 973 1590 19:
998 1573 1092 1602 .....
1110 1525 1143 1588 et
1165 1521 1307 1601 absolvi,
1329 1521 1567 1607 nescioquam

287 1628 386 1706 bene,
409 1626 470 1694 sed
494 1627 539 1695 ita
563 1631 724 1709 accurate,
748 1631 784 1695 ut
799 1628 881 1696 nihil
905 1633 1021 1713 posset
1036 1645 1147 1715 supra,
1170 1627 1406 1695 Academicam
1431 1644 1568 1694 omnem

281 1734 521 1820 quaestionem
537 1734 629 1801 libris
645 1738 809 1819 quattuor.
856 1735 891 1804 ln
908 1735 967 1815 eis,
990 1752 1077 1822 quae
1098 1737 1192 1803 erant
1214 1737 1327 1802 contra
1351 1731 1569 1822 ἀκαταληψίαν

282 1840 490 1927 praeclare
518 1840 657 1908 collecta
685 1843 728 1909 ab
755 1841 933 1922 Antiocho,
961 1841 1127 1910 Varroni
1155 1841 1258 1910 dedi.
1276 1892 1284 1909 .
1302 1891 1335 1909 ..
1364 1840 1450 1910 Sunt
1477 1840 1568 1908 enim

286 1947 502 2015 vehementer
516 1950 637 2014 πιθανὰ
651 1946 839 2037 Ἀντιόχεια,
857 1967 944 2035 quae
957 1949 1133 2034 diligenter
1145 1967 1164 2016 a
1177 1965 1231 2016 me
1247 1965 1413 2035 expressa,
1426 1964 1569 2015 acumen

283 2054 414 2121 ‘habent
440 2052 612 2134 Antiochi,
647 2054 788 2123 nitorem
821 2055 983 2123 orationis
1012 2058 1196 2123 nostrum.“
1245 2054 1280 2122 ld
1315 2071 1453 2141 quoque
1489 2054 1570 2121 satis

282 2162 377 2228 certo
408 2177 450 2227 ex
478 2159 542 2227 illis
570 2160 766 2247 fragmentis
789 2163 949 2248 sequitur,
977 2162 1011 2228 in
1038 2161 1160 2228 librum
1184 2161 1235 2228 IV.
1258 2160 1430 2229 Ciceronis
1459 2162 1569 2246 partes

290 2265 461 2348 „Luculli“
485 2266 624 2336 collatas
641 2285 715 2336 esse
731 2286 842 2356 neque
858 2287 915 2336 eas
930 2269 1046 2336 saltem
1064 2268 1340 2354 amplificatas-
1357 2268 1461 2334 immo
1479 2266 1568 2334 baud

282 2374 435 2441 alienum
453 2377 504 2441 est
522 2393 542 2442 a
558 2375 793 2459 probabilitate
811 2375 978 2463 quaedam
994 2393 1070 2443 esse
1087 2376 1247 2443 exstincta
1265 2413 1317 2456 -,
1333 2375 1367 2442 in
1384 2373 1503 2441 librum
1521 2372 1569 2440 Ill.

284 2497 369 2547 vero
407 2480 594 2548 orationem
630 2481 757 2551 Luculli
796 2500 940 2567 eamque
978 2482 1090 2549 multis
1129 2482 1280 2566 partibus
1318 2482 1569 2549 commutatam.

289 2585 489 2672 Fragmenta
511 2588 601 2655 enim
626 2588 700 2655 libri
724 2587 771 2656 111.
791 2585 888 2674 alia2)
913 2587 1041 2656 Luculli
1065 2589 1251 2656 orationem
1268 2588 1446 2673 attingunt,
1470 2586 1570 2670 alia⁸l

284 2711 400 2779 eaque
423 2693 518 2781 plura
541 2694 626 2761 nihil
650 2713 725 2762 cum
750 2712 789 2761 ea
811 2712 994 2764 commune
1017 2694 1152 2762 babent.

293 2845 295 2850 ,
377 2817 445 2885 Iam
463 2819 674 2905 propositum
699 2819 944 2904 aggrediamur.
990 2818 1201 2905 Augustinus
1226 2818 1409 2886 aLicentio
1434 2819 1570 2903 rogatus

282 2943 316 2993 c.
332 2923 390 2992 Ac.
403 2924 426 2992 11
442 2925 478 2992 11
498 2943 549 3012 sq.
565 2927 670 2993 totam
682 2923 958 2993 Academicorum
971 2926 1155 2993 doctrinam
1172 2926 1314 2993 breviter
1329 2924 1569 3009 complectitur.

286 3030 366 3114 Qua
382 3032 417 3098 in
433 3049 468 3099 re
485 3031 659 3118 quomodo
674 3032 788 3118 egerit,
804 3035 841 3099 ut
853 3036 1086 3118 cognoscatur,
1104 3033 1323 3118 inspiciamus
1336 3048 1423 3116 quae
1435 3033 1506 3098 tum
1518 3047 1570 3097 se·

284 3141 445 3223 quuntur.
483 3136 687 3205 Adhortatus
702 3139 792 3204 enim
809 3139 844 3206 in
860 3142 881 3223 §
898 3138 937 3206 13
948 3138 1118 3226 Alypium,
1135 3142 1173 3206 ut
1187 3156 1345 3207 causam
1362 3155 1471 3205 novae
1487 3135 1569 3204 Aca·

283 3243 421 3311 demiae
438 3244 564 3330 aperiat
576 3247 608 3312 et
624 3227 808 3331 distinguat
824 3246 887 3313 ista
903 3247 1042 3314 nomina
1060 3248 1118 3329 (sc.
1136 3263 1245 3313 novae
1261 3249 1294 3312 et
1308 3245 1428 3312 veteris
1442 3242 1570 3311 Acade·

288 3351 401 3430 miae),
413 3351 484 3436 pari
497 3350 602 3418 modo
615 3355 715 3437 atque
728 3350 925 3420 Ciceronem
937 3352 1041 3420 Varro
1056 3351 1114 3420 Ac.
1131 3355 1218 3438 post.
1231 3352 1243 3419 1
1255 3352 1346 3434 43⁴):
1367 3349 1477 3428 ,Tuae
1492 3353 1572 3417 sunt

288 3475 379 3524 nunc
395 3461 515 3542 partes,
540 3458 597 3544 qui
614 3458 657 3525 ab
674 3459 887 3545 antiquorum
904 3460 1032 3526 ratione
1048 3459 1207 3527 desciscis
1223 3509 1230 3525 .
1249 3510 1255 3523 .
1275 3510 1298 3538 .,
1323 3459 1452 3537 docere,
1477 3455 1572 3543 quod

249 3611 252 3618 -
284 3567 406 3650 etqua
429 3564 472 3631 de
495 3582 615 3632 causa
640 3565 854 3632 discidium
877 3566 1000 3632 tactum
1024 3565 1076 3646 sit,
1100 3568 1136 3632 ul
1151 3565 1337 3644 videamus,
1361 3564 1486 3631 satisne
1507 3563 1572 3630 ista

284 3671 333 3738 sit
356 3671 442 3739 iusta
465 3670 638 3752 detectio,“
665 3675 846 3757 postquam
871 3674 967 3741 antea
984 3675 1081 3739 vetus
1097 3671 1313 3739 Academia'a
1329 3670 1477 3738 Vanone
1494 3670 1571 3754 ipso

291 3779 408 3865 paucis
430 3778 541 3845 verbis
564 3776 761 3846 adumbrata
785 3781 845 3846 est.
892 3777 979 3846 Cum
1009 3782 1119 3846 autem
1143 3778 1286 3865 Alypius
1322 3780 1354 3844 et
1378 3776 1496 3845 Cicero
1527 3776 1570 3843 ad

284 3883 433 3952 eandem
457 3902 526 3951 rem
551 3885 738 3965 incitentur,
762 3885 949 3966 videamus,
974 3886 1065 3973 quali
1099 3885 1227 3952 ratione
1262 3887 1401 3969 uterque
1435 3900 1571 3969 progre-

380 4151 403 4219 1)
423 4149 518 4205 Elucet
536 4165 571 4204 ex
588 4148 746 4222 lragmentls
765 4151 824 4207 libri
844 4151 901 4207 lVa
919 4150 1010 4207 Nonio
1028 4152 1143 4207 servatis
1167 4165 1230 4222 pag.
1243 4148 1303 4215 65²,
1322 4149 1366 4214 69,
1385 4149 1429 4215 80,
1447 4149 1491 4214 99,
1512 4148 1573 4214 102,

291 4239 351 4304 101,
372 4237 432 4304 122,
452 4238 512 4304 162,
533 4238 592 4305 164,
613 4237 672 4294 189.
709 4239 814 4295 Horum
833 4240 1047 4311 fragmentorum
1065 4254 1101 4295 ne
1120 4254 1176 4294 uno
1195 4237 1305 4309 quidem
1325 4239 1398 4293 aliud
1422 4237 1572 4308 quidquam

283 4329 451 4393 ¹continetur,
469 4329 522 4382 nist
541 4327 617 4397 quod
635 4325 731 4383 Cicero
754 4331 782 4382 in
804 4329 872 4384 libro
891 4328 911 4383 11
930 4328 975 4384 ed.
987 4330 1083 4399 prioris
1106 4327 1218 4382 Lucullo
1241 4327 1391 4397 respondit,
1418 4328 1482 4382 octo
1505 4331 1577 4381 vero'

285 4419 371 4474 etlam
390 4416 426 4471 ad
445 4417 531 4472 verba
548 4417 695 4472 concinunt
713 4432 775 4472 cum
797 4417 841 4473 ed.
859 4419 956 4486 priore,
978 4418 1029 4472 tria
1046 4417 1152 4471 tantum
1170 4415 1308 4481 recedunt,
1327 4416 1377 4470 sed
1396 4417 1441 4481 ita,
1465 4416 1495 4470 ut
1513 4429 1575 4484 per·

284 4520 393 4579 paucae
411 4519 496 4561 voces
514 4506 697 4561 commutatae
715 4508 770 4562 sint
787 4504 832 4576 (ct.
845 4505 984 4566 Krisclrius
1003 4520 1066 4577 pag.
1081 4504 1151 4574 186).

378 4594 402 4664 ¹)
421 4594 560 4666 Plasberg.
579 4595 624 4650 ed.
642 4594 691 4650 Ac.
709 4610 771 4666 pag.
784 4595 820 4651 93
839 4598 866 4651 et
884 4595 928 4651 91.

379 4685 404 4753 ⁸)
421 4683 495 4738 idem
513 4698 576 4754 pag.
588 4683 621 4738 61
637 4698 692 4753 sq..

378 4772 402 4843 ⁴)
421 4772 481 4828 Hoc
500 4772 689 4828 animadvertit
708 4772 830 4829 Woerter
847 4788 909 4844 pag.
929 4773 973 4829 89.
