3544 5320
740 385 919 460 ..2¹71-

190 590 282 680 libris
298 589 757 678 Augustinum·exscripsisse
773 592 841 678 ueri
862 595 912 660 est
935 591 1053 658 simile.
1092 590 1195 674 Porro
1211 589 1239 676 si
1263 590 1356 659 aliter
1371 596 1476 674 esset,

191 698 292 766 nobis
315 698 545 791 colligendum
563 701 656 786 esset
680 701 833 784 quartum
857 715 1046 770 sermonem
1072 716 1113 766 ex
1127 698 1471 786 Academicoruner,

190 805 276 876 libro
315 804 523 891 profluxisse.
586 804 689 887 Quod
715 805 862 881 minime
899 805 1004 872 tuisse
1042 824 1084 873 ex
1122 809 1234 872 nostra
1274 807 1478 891 quaestione

191 911 357 1002 clarescet
440 966 442 975 ,

216 1018 323 1086 A.t
337 1021 452 1093 tamen
467 990 574 1086 ualde
580 990 700 1086 mirum
718 1018 799 1085 mihi
816 977 952 1104 quidem
969 1019 1190 1108 videturesse
1207 1038 1248 1087 eo
1265 1020 1353 1105 ipso,
1378 1019 1472 1106 quod

192 1069 323 1214 illet
269 1129 323 1192 ext
324 1144 449 1214 remam
474 1125 735 1213 disputationem
761 1125 847 1193 adeo
874 1127 1041 1210 expandit,
1064 1104 1114 1194 tot
1132 1127 1261 1214 expleri
1285 1145 1477 1212 sermones

193 1237 276 1320 quot
299 1232 392 1305 libris
414 1231 615 1321 Academica
639 1231 824 1318 posteriora
856 1233 989 1300 luerunt
1022 1234 1221 1319 composita,
1268 1232 1399 1314 Etenim
1435 1237 1478 1311 ut.

193 1340 292 1430 a§8
316 1357 424 1425 usque
446 1339 488 1406 ad
510 1339 615 1408 tinem
638 1339 713 1406 libri
728 1338 775 1406 111.
800 1339 914 1406 omnia
938 1342 1016 1407 sunt
1039 1339 1262 1414 contractem
1286 1358 1402 1420 unum,
1426 1340 1472 1410 ita

192 1447 319 1533 priores
343 1449 471 1532 partes,¹
488 1463 628 1534 quarum
653 1445 1005 1533 singulae,.imprimis
1029 1446 1178 1533 secunda
1201 1450 1236 1514 et
1263 1447 1378 1528 tertia,
1401 1450 1470 1518 tam

192 1570 300 1642 pauca
319 1552 360 1638 (n
383 1552 516 1641 26-30
539 1555 572 1620 et
590 1552 630 1639 111
658 1551 760 1642 2‘76)
794 1553 966 1639 praebent,
1001 1554 1035 1620 in
1070 1573 1176 1635 unamv
1208 1553 1472 1640 disputationem

192 1662 378 1749 contractae
402 1678 471 1738 non
496 1658 621 1727 maiora
646 1660 942 1746 complecterentur
965 1678 1068 1747 quam
1093 1663 1209 1746 quarta
1235 1660 1318 1728 sola.
1365 1660 1477 1734 Immo

179 1785 270 1852 uero
294 1767 360 1835 hoc
383 1765 486 1835 modo
510 1766 611 1835 altera
634 1784 711 1852 pars
734 1767 985 1854 miraquadam
1010 1767 1337 1848 concinnitate50um
1372 1768 1478 1840 altera.

193 1872 399 1961 congrueret.
428 1872 560 1966 ltaque
599 1869 755 1960 quamvis
785 1872 894 1954 ¹iidem
932 1873 1119 1941 babeamus
1156 1871 1355 1960 Augustino,
1395 1893 1473 1942 cum

192 1978 353 2069 secunda
378 1979 560 2066 disputatio
598 1980 724 2067 incipit,
771 1979 932 2048 asserenti
970 1998 997 2047 c.
1036 1977 1097 2048 Ac.
1133 1977 1157 2048 ll
1193 1980 1238 2047 25
1278 1969 1479 2058 domesticis

192 2087 340 2173 negotiis
378 2087 540 2173 impedito
568 2087 644 2174 sibi
670 2087 856 2173 paululum
894 2090 1026 2154 tantum
1060 2087 1224 2172 temporis.
1267 2087 1479 2172 disputando

192 2196 324 2281 restare,
349 2212 460 2281 neque
483 2195 702 2279 abhorreata
726 2193 960 2280 probabilitate
977 2196 1130 2279 quartum
1156 2211 1345 2276 sermonem
1370 2195 1472 2270 nimis

192 2300 333 2392 longum
357 2319 376 2368 a
401 2300 735 2386 prandiotcl.1117)
759 2317 866 2385 usque
888 2298 933 2367 ad
958 2301 1089 2367 noctem
1114 2299 1163 2383 (111
1187 2301 1244 2368 tt:
1272 2299 1356 2382 ,Hic
1367 2303 1479 2386 ιιοιι-ι

194 2424 326 2497 quam
319 2408 485 2498 sermonis
517 2407 620 2478 tinem
656 2425 710 2474 me
744 2406 863 2474 fecisse
899 2406 1133 2492 adspexerunt,
1168 2425 1373 2493 quamquam
1405 2407 1474 2488 iam

192 2531 261 2580 nox
284 2516 395 2602 erat..
412 2519 446 2592 ι).
465 2513 617 2581 eiusdem
641 2512 708 2581 diei
724 2512 843 2581 confici
858 2513 1020 2599 potuisse,
1044 2516 1157 2580 tamen
1181 2514 1346 2594 illum,ut
1333 2516 1479 2582 t.totam

194 2593 424 2704 quaestionem
449 2620 494 2687 ita
517 2620 699 2706 partiretur,
724 2620 836 2687 causis
852 2637 922 2687 non
946 2619 980 2686 in
1003 2637 1039 2686 se
1063 2620 1190 2706 positis
1207 2620 1379 2703 inductum
1397 2639 1474 2689 esse

193 2727 354 2813 suspicor.
401 2726 491 2813 Ergo
515 2744 590 2794 cum
615 2726 796 2815 Augustini
827 2726 1068 2812 explicationes
1102 2744 1285 2812 earumque
1319 2728 1353 2794 in
1354 2731 1403 2796 ter
1437 2747 1480 2796 se

194 2851 358 2920 conexus
377 2851 454 2901 cum
490 2834 550 2914 eis,
585 2851 673 2920 quae
708 2833 879 2906 Ciceronis
909 2831 1186 2920 Academicorum
1221 2836 1350 2908 servata
1384 2837 1476 2914 sunt,

194 2913 373 3008 collaturus
396 2941 471 3021 sim,
506 2940 539 3008 id
565 2959 701 3044 quoque
725 2940 807 3008 mihi
831 2940 1130 3008 demonstrandum
1160 2941 1230 3021 erit,
1263 2939 1480 3035 Academicis

194 3046 436 3134 posterioribus
456 3041 553 3114 ilium
578 3065 676 3150 usum
701 3065 786 3152 esse.

283 3170 510 3261 proponenda
553 3145 658 3260 erunt,
684 3191 793 3276 quae
831 3171 997 3240 sufficient
1038 3133 1080 3239 ad
1122 3135 1158 3260 ld
1187 3141 1479 3259 cognoscendum.

195 3255 318 3363 Editio
330 3275 607 3365 Academicorum
633 3279 723 3364 prior
749 3279 887 3365 paucis
893 3278 997 3346 modo
1025 3255 1272 3364 exemplaribus
1299 3279 1480 3360 terebatur,

195 3387 232 3450 ut
254 3401 436 3470 prosperae
459 3384 611 3470 iortunae
634 3385 845 3465 tribuamus,
856 3385 949 3472 quod
972 3386 1035 3453 salt
1022 3389 1115 3468 tem,
1117 3385 1307 3470 ,Lucullus“
1324 3389 1476 3466 servatus

195 3493 254 3558 est.
300 3490 510 3586 Augustinus
532 3510 611 3562 vero
633 3491 706 3560 civ.
721 3493 785 3560 Dei
800 3491 881 3574 vta,
905 3511 981 3560 cum
996 3492 1155 3560 Varronis
1175 3492 1308 3572 laudem
1335 3492 1478 3572 afferret,

195 3597 331 3665 alteram
359 3597 541 3666 editionem
566 3599 727 3685 adhibuit.
773 3599 853 3668 Sine
882 3599 987 3667 dubio
1011 3599 1110 3686 igitur
1132 3599 1278 3680 babebat
1305 3587 1482 3685 exemplar·

196 3704 296 3776 huius
321 3705 448 3790 operis,
477 3704 569 3793 quod
594 3705 768 3791 discipulis
796 3724 935 3793 quoque
963 3707 1049 3788 suis,
1078 3707 1226 3775 Licentio
1250 3710 1283 3774 et
1305 3706 1475 3794 Trygetio,

196 3811 414 3898 tegendum
414 3812 683 3888 commendabat.
719 3812 791 3899 (ιι.
793 3831 822 3886 c.
843 3812 900 3882 Ac.
913 3813 950 3894 ιιι
966 3814 1062 3896 45).-
1092 3813 1198 3897 Quod
1224 3814 1288 3881 nisi
1313 3832 1392 3900 pos
1377 3815 1476 3890 terior

197 3917 298 3985 editio
321 3918 425 3986 tuisse
447 3936 517 3985 non
542 3937 587 4005 po
588 3922 661 3987 t.est

285 4024 337 4091 De
370 4025 434 4093 hac
459 4023 735 4093 Academicorum
768 4003 978 4109 recensione,
1015 4045 1101 4113 quae
1135 4027 1236 4094 nobis
1271 3995 1350 4095 nota
1386 4030 1480 4107 sunt,

197 4130 368 4203 Krischius
392 4149 471 4218 pag.
491 4132 552 4199 129
575 4149 651 4218 sqq.
672 4133 818 4219 collegit.
866 4132 982 4201 Cicero
1006 4132 1293 4224 Academicorum,
1317 4133 1475 4216 Antiochi

196 4241 334 4325 partes
323 4237 427 4306 Varro
444 4223 592 4326 suscepit
615 4238 688 4328 (ad
695 4237 759 4306 Att.
775 4239 843 4306 XIII
868 4239 1057 4332 12,13,16,
1078 4240 1128 4321 19,
1145 4231 1211 4326 ιι).
1246 4238 1309 4307 Ad
1326 4242 1475 4308 nostram

198 4339 431 4430 quaestionem
467 4340 613 4413 maxime
647 4345 757 4428 refert,
793 4346 967 4432 quomodo
1003 4346 1091 4414 duae
1125 4346 1295 4414 editiones
1325 4347 1408 4414 inter
1438 4363 1482 4415 se

196 4451 351 4519 diiterant
371 4469 585 4538 cognoscere.
632 4452 667 4520 In
691 4455 876 4538 posteriore
900 4473 969 4522 non
993 4453 1084 4520 nulla
1108 4454 1226 4538 partim
1251 4470 1325 4520 esse
1357 4453 1481 4536 deleta,

197 4559 316 4644 partim
341 4558 453 4626 addita
476 4559 663 4626 ostenditur
686 4559 727 4629 ad
751 4559 1016 4640 Att.x11113,1:
1045 4558 1278 4646 „Grandiores
1299 4563 1377 4627 sunt
1404 4575 1482 4626 ome

197 4665 280 4731 nino
304 4669 362 4748 (sc.
380 4668 537 4751 quattuor
560 4667 634 4733 libri
658 4665 862 4753 Academici)
890 4685 999 4752 quam·
1020 4669 1112 4738 erant
1140 4655 1269 4750 illils'c.
1287 4665 1386 4752 duo)';
1415 4665 1478 4731 sed

195 4774 326 4839 tamen
362 4773 465 4840 multa
501 4772 708 4840 detracta.“
774 4772 860 4840 Nam
894 4773 998 4840 verbo
1033 4772 1228 4840 detrahendi
1253 4759 1382 4847 Cicero
1405 4789 1482 4840 nou
