3544 5320
811 340 919 400 ..82
948 369 988 382 ..-

263 546 416 632 exposita
433 549 520 626 sunt,
538 545 723 626 cohaereat,
739 545 896 613 facillime
913 546 1124 632 intellegatur
1139 564 1181 615 ex
1201 547 1270 613 his:
1288 545 1391 632 plano
1406 547 1494 615 iacto
1510 547 1545 614 in

262 654 347 738 §37
367 652 542 721 Platonem
564 671 583 720 a
604 653 733 721 mundo
758 654 941 739 opinionis,
970 654 1095 738 inquo
1128 653 1302 730 ,scientia“
1332 670 1401 720 non
1430 657 1546 739 posset

264 759 470 846 ,generari“,
486 759 651 828 mundum
668 760 812 827 veritatis
833 760 1032 840 seiunxisse,
1055 760 1138 828 haec
1162 761 1205 827 ab
1227 758 1437 828 Academicis
1464 777 1544 844 ,pro

263 866 428 954 mysteriis
441 884 516 934 esse
532 865 716 936 custodita“
732 866 765 933 in
778 868 799 951 §
811 865 854 934 38
865 865 1075 953 Augustinus
1089 868 1192 952 putat.
1220 865 1353 933 Deinde
1365 867 1473 953 pergit
1485 867 1545 934 ita:

265 972 362 1052 ,Non
379 973 467 1041 enim
491 1023 498 1040 .
517 1025 524 1039 .
541 973 636 1043 facile
652 973 715 1041 ista
732 974 958 1060 percipiuntur
973 973 1038 1056 nisi
1054 974 1098 1041 ab
1115 973 1173 1053 eis,
1198 973 1256 1058 qui
1273 992 1310 1043 se
1325 974 1369 1041 ab
1385 974 1545 1042 omnihus

262 1080 350 1147 vitiis
375 1080 617 1148 mundantes
640 1080 679 1146 in
703 1081 820 1148 aliam
845 1080 1047 1164 quandam
1072 1080 1305 1166 plusquam
1335 1082 1542 1148 humanam

261 1186 598 1255 consuetudinem
614 1186 948 1255 vindicaverintt.
974 1187 1067 1256 llaec
1083 1188 1184 1274 plane
1200 1206 1277 1254 cum
1294 1188 1335 1255 iis
1352 1187 1543 1266 concinunt,

263 1314 350 1381 quae
376 1294 409 1362 in
438 1295 459 1377 ᾗ
490 1294 534 1360 20
566 1294 621 1361 illa
659 1312 760 1379 supra
796 1294 893 1362 allata
929 1295 1195 1379 subsequuntur:
1233 1313 1323 1373 ,non
1348 1345 1389 1362 ..
1426 1294 1479 1362 hic
1503 1345 1543 1360 ..

262 1403 399 1489 sapiens
423 1403 487 1470 eris
513 1453 520 1469 .
543 1453 550 1467 .
573 1453 610 1468 ..
640 1401 711 1481 sed,
751 1419 827 1468 cum
855 1404 888 1468 te
916 1400 972 1468 tali
997 1400 1110 1469 studio
1145 1400 1205 1488 (sc.
1230 1401 1429 1488 sapientiael
1464 1402 1547 1468 satis

261 1509 448 1578 exercueris
472 1511 572 1592 atque
600 1507 871 1588 mundaveris,
900 1508 1033 1574 animus
1056 1511 1135 1574 tuus
1158 1526 1197 1575 ea
1221 1514 1299 1594 post
1323 1508 1408 1576 hanc
1430 1509 1543 1589 vitam,

262 1617 296 1684 id
332 1619 392 1696 est,
429 1633 513 1682 cum
543 1616 666 1682 homo
701 1631 790 1682 esse
825 1613 1017 1694 desieris,
1059 1614 1154 1682 lacile
1190 1613 1414 1701 perirueturi“
1454 1614 1542 1700 Ergo

134 1781 136 1786 .
262 1724 308 1791 illi
331 1726 397 1790 tres
420 1722 486 1790 loci
520 1720 578 1809 (§§
603 1722 643 1788 10
666 1724 699 1788 et
725 1722 776 1802 ll,
799 1721 854 1802 20,
877 1721 920 1788 37
934 1723 999 1805 sq.)
1035 1721 1117 1806 quin
1146 1721 1180 1788 in
1207 1720 1299 1789 tonte
1327 1725 1394 1790 arte
1422 1721 1545 1788 luerint

263 1831 347 1897 inter
370 1847 407 1896 se
430 1830 560 1906 conexi,
585 1846 653 1895 non
678 1828 820 1896 dubium
844 1830 957 1914 potest
979 1845 1064 1896 esse.
1109 1828 1185 1897 l·loc
1207 1829 1306 1896 etiam
1331 1829 1439 1914 magis
1463 1846 1542 1895 con·

263 1937 457 2014 firmabitur,
491 1936 530 2016 si,
565 1954 635 2021 quo
663 1935 697 2002 in
726 1953 855 2002 conexu
885 1953 991 2003 rerum
1016 1935 1158 2022 Alypius
1182 1936 1204 2018 §
1228 1935 1263 2002 ll
1290 1953 1386 2002 suam
1410 1939 1544 2002 senten-

261 2045 342 2111 tiam
367 2044 532 2128 explanet,
568 2042 901 2110 consideraverimus.
949 2042 1062 2127 ltaque
1095 2043 1194 2110 velim
1224 2043 1297 2110 eius
1326 2044 1409 2109 haec
1441 2042 1542 2109 verba

262 2151 476 2237 perscruteris
498 2150 532 2234 tl.
554 2152 615 2232 al:
655 2167 768 2226 ,suam
792 2150 1037 2235 ,imaginem
1062 2152 1121 2233 (sc.
1146 2149 1257 2216 dicent
1278 2147 1484 2231 Academici)
1510 2152 1543 2216 et

263 2258 359 2343 quasi
384 2258 558 2342 speculum
582 2255 755 2340 quoddam
777 2256 811 2323 in
832 2253 952 2324 Proteo
973 2257 1031 2324 illo
1053 2256 1270 2323 animadverti
1294 2259 1458 2342 oportere,
1484 2256 1541 2338 qui

259 2365 401 2432 traditur
431 2382 472 2431 eo
500 2362 608 2430 solere
640 2363 714 2447 capi
746 2381 815 2447 quo
840 2364 979 2431 minime
1008 2366 1188 2450 caperetur,
1218 2364 1541 2449 investigatoresque

260 2473 335 2540 eius
373 2487 558 2553 numquam
598 2469 743 2537 eundem
773 2469 921 2537 tenuisse
966 2470 1049 2536 nisi
1085 2469 1212 2536 indice
1252 2469 1542 2538 alicuiusmodi

261 2579 460 2646 numine“.
519 2575 568 2643 Ex
596 2576 648 2642 his
676 2576 787 2643 verbis
815 2575 1036 2645 Academicos
1066 2577 1265 2644 sententiam
1294 2595 1389 2646 suam
1420 2577 1540 2644 obscu-

260 2703 353 2752 rasse
377 2686 524 2769 apparet.
555 2682 774 2769 Perspicuum
799 2683 899 2768 igitur
922 2687 973 2750 est
1002 2685 1088 2751 hanc
1121 2702 1258 2768 quoque
1294 2685 1541 2771 paragraphum

259 2791 304 2860 ad
327 2788 372 2857 ΙΙΙ
394 2791 437 2857 37
450 2807 523 2875 sqq.
549 2791 722 2876 pertinere.
771 2790 846 2858 Hoc
870 2809 911 2858 eo
935 2792 1055 2858 clarius
1078 2791 1115 2858 iit
1138 2809 1191 2871 eo,
1227 2791 1319 2874 quod
1351 2791 1408 2859 illa
1439 2791 1541 2858 verba

261 2899 388 2984 optime
412 2916 487 2965 cum
517 2897 570 2964 his
599 2916 626 2965 c.
649 2897 706 2964 Ac.
732 2897 854 2966 11143:
895 2897 967 2977 ,Ait
991 2900 1080 2966 enim
1105 2899 1169 2965 illis
1194 2917 1322 2964 morem
1351 2899 1455 2965 luisse
1485 2916 1540 2965 oc·

259 3005 408 3072 cultandi
436 3005 681 3071 sententiam
711 3024 806 3072 suam
829 3013 908 3073 ...⁸⁴
936 3007 1136 3091 congruunt,
1165 3006 1289 3089 quibus
1313 3003 1540 3090 Augustinum

261 3114 358 3178 antea
382 3110 469 3179 dicta
493 3111 634 3179 breviter
657 3112 832 3197 complecti
856 3113 922 3179 iam
947 3113 1171 3199 cognovimus
1182 3112 1217 3198 1).
1252 3111 1372 3194 Neque
1393 3129 1472 3178 vero
1497 3111 1540 3178 ab

260 3217 373 3304 Alypii
394 3217 505 3284 verbis
531 3217 716 3302 separanda
740 3223 828 3294 sunt,
854 3238 941 3302 quae
964 3218 1178 3305 Augustinus
1203 3219 1280 3284 huic
1304 3219 1489 3285 assentiens
1505 3219 1540 3284 in

258 3325 345 3408 §13
374 3324 416 3391 de
451 3343 611 3392 sensuum
641 3325 818 3394 mendacio
847 3345 914 3393 una
943 3345 1019 3394 cum
1044 3317 1166 3393 Proteo
1201 3324 1340 3410 profert:
1380 3323 1483 3400 ,Nam
1508 3327 1541 3390 et

261 3430 400 3498 Proteus
434 3431 489 3499 ille
524 3434 648 3517 quanta
683 3432 744 3499 abs
771 3436 804 3499 te
831 3483 900 3500 ...
925 3436 1238 3502 commemoratus.
1263 3482 1270 3498 .
1296 3432 1480 3498 intentione
1505 3431 1539 3496 in

259 3538 427 3624 optimum
449 3539 688 3624 philosophiae
704 3559 824 3626 genus.
861 3539 1001 3607 Proteus
1025 3541 1114 3606 enim
1140 3539 1271 3606 ille...
1296 3539 1330 3604 in
1355 3539 1537 3624 imaginem

258 3644 406 3712 veritatis
443 3645 617 3712 inducitur.
662 3646 874 3714 Veritatis..
911 3646 1050 3714 Proteus
1085 3647 1119 3712 in
1155 3646 1359 3713 carminibus
1393 3648 1541 3712 ostentat

260 3753 473 3836 sustinetque
512 3770 702 3838 personam,
742 3771 843 3838 quam
883 3754 1034 3822 obtinere
1073 3770 1174 3820 nemo
1216 3754 1337 3838 potest,
1380 3751 1408 3818 si
1447 3749 1540 3818 falsis

259 3858 519 3944 imaginibus
535 3858 694 3946 deceptus
709 3860 1023 3948 comprehensionis
1038 3860 1149 3927 nodos
1167 3909 1175 3926 .
1193 3910 1200 3926 .
1221 3909 1228 3925 .
1253 3858 1422 3925 dimiserit.
1454 3855 1540 3924 Sunt

260 3966 352 4032 enim
377 3965 461 4032 istae
484 3965 660 4052 imagines,
685 3985 875 4052 quae...
911 3985 971 4053 per
1005 3968 1109 4035 istos
1145 3983 1290 4034 sensus
1325 3983 1389 4032 nos
1426 3964 1538 4048 etiam,

259 4089 337 4138 curn
373 4072 493 4139 veritas
521 4075 651 4140 tenetur
679 4077 712 4140 et
739 4075 837 4160 quasi
866 4076 1006 4141 habetur
1033 4075 1067 4141 in
1097 4074 1263 4153 manibus,
1300 4071 1538 4158 decipere

260 4179 474 4245 moliuntur.“
523 4178 687 4266 Imprimis
722 4181 787 4248 hoc
822 4183 1052 4260 observamus,
1087 4180 1314 4265 Augustinum
1351 4179 1467 4246 cedere
1502 4178 1537 4246 in

258 4284 371 4371 Alypii
389 4287 587 4352 sententiam
605 4305 748 4371 eamque
765 4287 901 4374 longius
918 4305 1096 4372 exponere,
1122 4288 1200 4373 quia
1217 4286 1358 4354 eandem
1374 4287 1536 4353 rationem

260 4409 288 4458 c.
312 4389 370 4458 Ac.
395 4390 419 4458 ll
442 4391 485 4459 24
498 4411 573 4477 sqq.
598 4396 631 4459 et
654 4393 690 4460 lll
713 4393 757 4460 40
785 4397 978 4479 persecutus
1008 4394 1060 4460 his
1083 4394 1166 4461 locis
1196 4394 1278 4478 ipsis
1303 4410 1439 4476 quoque
1463 4393 1537 4461 eius

260 4501 371 4582 partes
394 4501 549 4583 suscepit.
586 4497 672 4566 Cum
697 4503 808 4567 autem
826 4502 896 4584 §ll
918 4500 1079 4585 pertinere
1096 4500 1137 4567 ad
1155 4501 1221 4581 illa,
1245 4517 1332 4583 quae
1347 4501 1389 4583 §§
1405 4499 1541 4596 37-40Ι

351 4745 372 4817 ¹)
390 4761 453 4818 pag.
472 4744 515 4802 75.
