3544 5320
736 375 914 435 ..73-

185 580 356 664 quendam
391 580 464 648 eius
498 581 611 648 locum
646 581 833 650 adhibitum
869 599 945 649 esse
979 585 1079 668 patet.
1126 581 1175 649 Ex
1209 599 1358 666 quonam
1396 581 1464 649 alio·

185 706 289 773 opere
313 687 377 754 nisi
401 705 442 754 ex
463 687 673 755 Academicis
697 687 894 774 opinemur?

276 793 408 862 Deinde
430 793 619 873 Platonem,
649 799 685 862 ut
708 794 832 862 ibidem
843 797 866 879 ¹)
891 794 980 880 apud
1004 794 1230 880 Augustinum
1255 793 1463 874 dictumest,

188 900 353 968 mundum
377 901 570 968 sensibilem
595 901 647 968 vel
671 901 876 987 opinabilem
894 901 937 968 ab
953 901 1055 969 allero
1073 900 1290 987 intellegibili,
1318 902 1372 977 ,in
1395 918 1466 986 quo

186 1008 261 1094 ipsa
284 1007 404 1074 veritas
431 1007 625 1086 habitaret«,
650 1007 837 1074 seiunxisse
859 1007 894 1073 in
916 1006 974 1073 Ac.
991 1004 1021 1073 Π
1040 1007 1101 1074 142
1125 1007 1177 1074 bis
1200 1007 1324 1074 verbis:
1352 1006 1467 1084 ,Plato

187 1119 299 1181 autem
324 1132 425 1181 omne
449 1113 608 1182 iudicium
632 1114 778 1182 veritatis
801 1113 1040 1199 veritatemque
1071 1114 1180 1200 ipsam
1211 1113 1389 1182 abductam
1421 1115 1464 1182 ab

190 1220 411 1306 opinionibus
449 1223 482 1288 et
520 1239 539 1288 a
577 1221 734 1288 sensibus
770 1220 985 1306 cogitationis
1023 1220 1130 1305 ipsius
1165 1223 1197 1287 et
1233 1221 1355 1288 mentis
1390 1239 1466 1288 esse

192 1327 317 1394 voluit“
341 1329 375 1394 et
387 1326 446 1394 Ac.
462 1325 478 1393 Ι
492 1328 537 1394 30
555 1330 843 1396 commemoratur.
889 1327 953 1394 lsta
968 1329 1092 1407 autem,
1108 1344 1197 1411 quae
1212 1326 1308 1394 Plato
1324 1326 1465 1412 eiusque

189 1451 402 1502 successores
429 1433 472 1502 de
499 1434 635 1501 veritate
657 1438 689 1502 et
710 1433 872 1520 opinione
887 1434 1087 1514 sentiebant,
1110 1433 1320 1521 Augustinus
1336 1435 1370 1500 in
1386 1434 1467 1518 §38

197 1557 276 1626 ,pro
293 1540 494 1626 mysteriis
510 1559 586 1608 esse
597 1540 782 1608 custodila⁴⁶
795 1539 968 1608 existimat.
1002 1539 1137 1623 Quibus
1151 1541 1260 1609 verbis
1270 1539 1468 1608 Academica

191 1648 334 1732 spectari
371 1648 587 1733 cognoscitur
624 1665 665 1714 ex
701 1646 760 1714 Ac.
784 1644 813 1712 ll
836 1646 931 1729 60²):
972 1665 1078 1731 ,quae
1116 1650 1196 1715 sunt
1231 1646 1367 1715 tandem
1405 1647 1469 1714 ista

191 1754 398 1841 mysteria?
423 1757 479 1821 aut
502 1772 559 1822 cur
580 1753 770 1821 celatis...
795 1753 993 1820 sententiam
1017 1756 1202 1821 vestrane·

283 1861 350 1930 Sed
378 1861 420 1929 de
442 1861 718 1929 Academicorum
742 1878 819 1928 vera
843 1860 1007 1927 sententia
1039 1860 1073 1928 in
1103 1860 1172 1927 line
1198 1860 1272 1928 libri
1299 1857 1353 1928 ΙΙΙ.
1383 1860 1469 1928 dicta

192 1968 356 2037 artissime
379 1986 455 2036 cum
476 1969 519 2052 §§
538 1968 577 2035 16
593 1985 668 2054 sqq.
693 1967 766 2035 libri
782 1965 820 2034 Π.
838 1985 865 2036 c.
880 1966 938 2034 Ac.
954 1966 1191 2053 coniungenda
1215 1985 1290 2034 esse
1306 1967 1470 2054 imprimis

194 2078 332 2162 apparet
355 2093 396 2142 ex
418 2076 440 2158 §
463 2075 515 2142 40.
563 2074 688 2142 ibidem
705 2074 865 2160 scriptum
882 2073 1073 2142 invenimus
1089 2072 1297 2142 Carneadem
1314 2073 1359 2154 id,
1376 2074 1469 2158 quod

192 2182 228 2249 in
252 2184 317 2249 hoc
344 2181 472 2248 mundo
501 2182 543 2249 ab
573 2181 768 2249 hominibus
796 2183 962 2266 ageretur,
997 2179 1171 2267 probabile
1206 2183 1239 2250 et
1265 2181 1334 2250 veri
1362 2180 1470 2248 simile

193 2288 434 2375 appellavisse,¹
447 2305 524 2356 curn
541 2305 611 2354 non
628 2287 794 2374 ignoraret
810 2286 898 2354 idem
915 2305 990 2354 esse
1007 2287 1116 2354 simile
1131 2286 1216 2354 falsi.
1266 2286 1470 2369 „Quomodo

192 2397 318 2475 enim“,
346 2395 503 2481 pergitur,
530 2443 562 2471 ,.
581 2393 741 2477 ‚sapiens
759 2444 766 2459 .
785 2445 791 2459 .
810 2443 818 2460 .
840 2393 951 2460 simile
973 2393 1125 2477 sequitur
1149 2393 1229 2472 veri,
1261 2412 1336 2462 cum
1359 2387 1470 2480 ipsum

195 2519 309 2569 verum
339 2500 421 2586 quid
449 2501 491 2568 sil
519 2501 669 2587 ignoret?
714 2499 804 2586 Ergo
832 2499 878 2566 illi
907 2502 1027 2567 norant
1056 2503 1089 2567 el
1117 2501 1351 2587 approbabant
1376 2500 1471 2582 laisa,

192 2607 229 2675 in
254 2607 378 2692 quibus
409 2607 628 2675 imitationem
663 2606 866 2674 laudabilem
902 2623 1010 2673 rerum
1045 2624 1197 2674 verarum
1233 2606 1474 2676 animadverte·w

194 2714 306 2781 bant.“
355 2712 582 2787 Revincuntur'
601 2731 683 2799 ergo
700 2713 732 2792 ii,
756 2714 814 2796 qui
831 2713 921 2780 velut
942 2712 1119 2799 'frygetius
1144 2731 1171 2780 c.
1188 2712 1246 2780 Ac.
1262 2710 1292 2779 Π
1311 2714 1350 2781 16
1366 2715 1474 2798 sqq.³)

194 2819 361 2888 vocabulo
389 2821 475 2897 ,veri
499 2820 626 2888 simile“
653 2818 868 2887 offenduntur
891 2823 924 2886 et
946 2820 1012 2886 hoc
1034 2820 1110 2905 ipso
1130 2819 1349 2888 Academicos
1372 2820 1473 2888 refelli

194 2943 299 3014 posse
322 2929 449 3012 putant.
496 2926 605 2995 Simili
628 2929 739 2994 autem
764 2926 890 2994 ratione
911 2945 930 2992 a
952 2925 1113 2993 Cicerone
1136 2927 1212 3013 ipso
1236 2944 1264 2993 c.
1281 2925 1339 2994 Ac.
1355 2924 1473 3014 11264)

195 3033 391 3114 affirmatur,
427 3051 502 3100 cum
538 3034 637 3100 huius
672 3034 773 3101 verba
799 3032 993 3112 atteruntur,
1029 3033 1292 3101 adversariorum
1327 3033 1474 3120 impetus

198 3141 339 3208 reiectos
364 3157 450 3206 esse.
497 3138 616 3223 Neque
640 3139 733 3207 aliter
755 3138 822 3205 iam
846 3139 949 3224 paulo
966 3142 1043 3206 ante
1059 3139 1093 3204 in
1110 3139 1230 3207 eodem
1253 3140 1338 3207 libro
1361 3142 1475 3207 auctor

197 3245 240 3313 de
270 3246 401 3313 illorum
430 3263 506 3313 vera
541 3246 706 3313 sententia
741 3245 900 3312 iudicavit
934 3246 975 3330 (c.
993 3243 1222 3331 Ac.ll24)⁵):
1261 3265 1349 3322 ,non
1384 3247 1473 3314 enirn

196 3352 272 3420 illos
287 3354 379 3419 viros
395 3370 455 3420 eos
471 3353 575 3419 luisse
590 3353 737 3432 arbitror,
762 3353 820 3437 qui
837 3353 936 3419 rebus
951 3352 1116 3419 nescirent
1131 3354 1270 3420 nomina
1286 3354 1475 3438 imponere;

198 3461 258 3527 sed
282 3459 365 3526 mihi
387 3459 470 3527 lraec
492 3460 656 3527 vocabula
678 3459 831 3527 videnlur
854 3459 1074 3545 elegisse...
1097 3458 1140 3526 ad
1163 3459 1475 3546 signiticandam

197 3566 464 3652 vigilantioribus
492 3566 730 3634 sententiam
760 3584 870 3634 suam
896 3615 1007 3634 .....
1031 3566 1129 3633 etiam
1154 3569 1267 3633 contra
1297 3584 1357 3634 eos
1381 3567 1477 3654 ipsos

197 3691 269 3740 non
293 3673 417 3740 invitus
441 3673 608 3754 armabor,
640 3674 669 3740 si
698 3692 768 3741 non
792 3671 1012 3741 occultandae
1039 3673 1225 3740 sententiae
1252 3691 1334 3740 suae
1362 3691 1475 3753 causa,

197 3791 242 3848 ne
265 3780 308 3846 ab
333 3780 414 3849 eis.
439 3828 448 3845 .
473 3831 480 3846 .
505 3781 706 3848 mentibus.
732 3823 741 3848 .
771 3781 887 3864 quasi
918 3779 1100 3865 proianis
1135 3778 1303 3863 quaedam
1331 3779 1476 3846 veritatis

194 3903 290 3954 sacra
315 3885 542 3973 proderentur,
568 3939 575 3954 .
594 3937 626 3954 ..
651 3887 789 3972 quaein
806 3904 922 3954 eorum
939 3886 1030 3954 libris
1047 3886 1201 3972 legimus,
1226 3883 1474 3953 defendamur

197 3993 292 4061 Haec
319 3999 420 4078 quam
449 3995 576 4080 optime
615 4013 688 4061 cum
720 3993 810 4078 §40
845 3994 1060 4073 cohaereant,
1085 3993 1191 4060 exiis
1225 3993 1356 4071 videas,
1390 4009 1477 4076 quae

197 4100 254 4168 illa
278 4101 451 4186 superiora
466 4099 646 4186 Augustini
668 4101 769 4168 verba
789 4101 1054 4183 subsequuntur:
1081 4098 1168 4177 ,Sed
1193 4099 1271 4182 quia
1295 4099 1360 4164 hoc
1381 4102 1477 4165 tam·

196 4225 320 4292 quam
349 4206 530 4293 profanis
565 4225 628 4274 nec
661 4207 711 4274 ias
740 4225 803 4274 nec
836 4206 934 4273 iacile
960 4210 1028 4273 erat
1049 4205 1241 4283 ostendere,
1277 4204 1480 4287 reliquerunt

290 4421 314 4488 ¹)
334 4419 367 4476 ci.
386 4435 448 4491 pag.
462 4418 504 4474 26.

289 4508 312 4575 ²)
332 4512 372 4564 sic
390 4508 531 4568 Krischlus
548 4523 610 4580 pag.
627 4507 677 4564 186
697 4510 725 4562 et
742 4507 876 4562 lezelius
895 4521 956 4578 pag.
970 4506 1031 4562 218.
1069 4553 1071 4555 ,

289 4600 311 4664 ³)
330 4613 394 4669 pag.
407 4599 450 4654 22.

288 4687 312 4755 ⁴)
331 4703 392 4760 pag.
406 4688 449 4743 ab.

291 4775 316 4845 ὁ)
335 4792 397 4849 pag.
411 4776 454 4832 35.
