3544 5320
859 343 1036 402 „ffl-

307 549 391 616 scire
416 549 658 616 desiderat...
692 547 988 636 Siisapientem
1027 567 1130 616 ama·
1160 549 1319 635 quidem
1382 567 1423 616 se
1484 548 1591 616 scire

309 655 452 722 enim..
493 647 733 723 nihil'inter
760 657 888 722 turum
913 672 988 723 esse
1007 655 1129 723 dicunt.
1160 654 1324 736 nullam,
1379 653 1451 722 sed
1490 665 1586 722 'esse

308 761 534 847 sapientiae
581 760 732 829 studio·
1160 755 1591 847 philosophumAdmi-

309 885 393 934 sum
426 870 462 935 et
490 868 713 954 sapientem
738 869 920 948 interest,
976 871 1084 935 ratum
1105 869 1342 937 Leontem...
1368 867 1588 952 quaesivisse,

308 973 374 1041 nisi
408 975 500 1059 quod
528 974 604 1042 iste
633 978 749 1055 amat,
777 974 832 1041 ille
862 992 919 1041 au·
976 975 1114 1059 quinam
1139 977 1250 1042 essent
1278 974 1525 1060 philosophi,
1550 977 1588 1042 et

308 1083 375 1147 tem
399 1081 518 1148 habet
545 1080 769 1166 sapientiae
799 1081 920 1148 disci·
975 1080 1070 1165 quid
1101 1081 1201 1149 inter
1231 1098 1300 1149 eos
1335 1085 1372 1148 et
1406 1081 1587 1166 reliquos

309 1186 455 1273 plinam
474 1239 482 1254 .
501 1239 507 1252 .
526 1237 533 1252 .
552 1239 558 1253 .
975 1187 1188 1256 interesset
1204 1240 1212 1257 .
1227 1186 1594 1273 .(9)h0sseappeliare·

974 1294 1197 1379 sapientiae
1222 1294 1433 1362 studiosos
1465 1294 1589 1377 (idest

946 1399 950 1480 1
975 1400 1064 1468 enim
1089 1399 1385 1488 philosophos.)

396 1507 485 1593 Ergo
523 1525 592 1575 non
632 1506 773 1574 dubium
809 1509 860 1574 est
893 1507 975 1592 quin
1014 1507 1049 1574 in
1091 1507 1155 1574 hac
1197 1525 1335 1594 quoque
1374 1507 1590 1594 paragrapho

308 1613 518 1700 Augustinus
541 1616 575 1681 et
598 1632 649 1682 res
672 1617 705 1681 et
728 1614 828 1682 verba
852 1611 1024 1682 Ciceronis
1051 1614 1199 1682 imitatus
1230 1615 1282 1682 sit.
1306 1613 1439 1683 Deinde
1469 1614 1504 1680 in
1535 1632 1590 1681 sa·

309 1720 422 1807 piente
458 1720 668 1805 quarundam
704 1737 811 1786 rerum
847 1737 922 1787 esse
957 1720 1136 1787 habiturn
1171 1722 1215 1789 ab
1255 1719 1314 1788 ilio
1353 1720 1589 1788 adumbratum

309 1826 391 1893 mihi
406 1825 537 1894 videtur
551 1843 626 1893 esse
642 1825 714 1893 Fin.
733 1825 849 1894 11137ιΔ
884 1827 972 1905 ,Vos
993 1877 1001 1894 .
1020 1876 1027 1893 .
1045 1878 1064 1908 .,
1089 1827 1168 1911 quia
1183 1828 1287 1894 virtus
1304 1876 1312 1894 .
1329 1874 1361 1894 ..
1387 1826 1610 1894 altissimum.

309 1932 419 2000 locum
443 1933 478 1998 in
503 1933 641 2000 homine
663 1935 762 2014 tenet,
798 1936 831 2000 et
861 1933 954 2019 quod
984 1951 1055 2014 eos,
1084 1933 1141 2018 qui
1175 1933 1383 2020 sapientes
1420 1932 1587 2014 sunt,

309 2038 473 2124 periectos
497 2041 655 2126 putamus
672 2089 680 2106 .
757 2038 811 2107 Sic
835 2040 935 2126 igitur
957 2039 991 2108 in
1019 2040 1157 2108 homine
1186 2039 1343 2124 perfectio
1372 2039 1433 2108 ista
1553 2039 1592 2107 in

308 2146 426 2213 virtute
449 2146 626 2213 laudatur.
645 2196 652 2213 .
670 2196 678 2212 .
696 2197 704 2214 .
733 2145 821 2214 ldem
847 2147 923 2214 tacit
945 2150 1003 2230 (sc.
1023 2146 1155 2233 natura)
1178 2146 1213 2213 in
1237 2146 1387 2228 homine,
1409 2164 1485 2213 cum
1510 2163 1592 2213 eum

309 2252 353 2326 ad
375 2252 513 2320 rationis
537 2253 717 2320 habiturn
741 2252 950 2339 perduxerit“
968 2256 1001 2321 et
1015 2252 1073 2322 Ac.
1096 2252 1107 2320 l
1130 2253 1188 2321 38:
1216 2304 1230 2332 ,
1250 2302 1258 2320 .
1277 2304 1284 2318 .
1303 2299 1319 2319 .-
1335 2251 1389 2319 hic
1405 2255 1465 2336 (sc.
1481 2253 1594 2338 Zeno)

309 2359 421 2426 omnis
454 2359 514 2444 (sc.
532 2359 682 2441 virtutes)
716 2359 750 2426 in
785 2361 913 2428 ratione
947 2361 1146 2446 ponebat..
1165 2381 1189 2441 .;
1227 2377 1290 2426 nec
1318 2359 1447 2427 virtutis
1482 2358 1587 2427 modo

310 2483 409 2533 usum
445 2466 506 2533 sed
539 2465 651 2552 ipsum
686 2466 867 2536 habitum
895 2486 954 2553 per
988 2485 1025 2534 se
1060 2484 1135 2535 esse
1171 2465 1408 2554 praeclarum.“
1468 2465 1594 2551 Neque

308 2590 387 2640 vero
422 2572 552 2640 illarum
586 2574 823 2642 sententiarum
860 2573 1002 2660 vestigia
1037 2574 1071 2641 in
1094 2572 1312 2650 Academicis,
1337 2591 1424 2658 quae
1448 2572 1591 2660 quidem

311 2682 502 2767 supersunt,
525 2679 736 2748 inveniamus
759 2680 824 2747 nisi
848 2679 930 2748 illud
954 2681 1027 2748 teve
1050 2681 1085 2747 in
1100 2678 1184 2747 Act
1204 2680 1257 2748 38.
1297 2678 1366 2748 Sed
1387 2681 1477 2748 certo
1501 2678 1590 2756 diiq-

309 2785 420 2854 dicare
455 2789 525 2855 tum
562 2786 698 2855 demum
727 2787 922 2874 poterimus,
958 2805 1033 2854 curn
1056 2786 1237 2873 Augustini
1261 2785 1592 2873 argumentationem

312 2893 345 2961 in
370 2896 439 2961 tota
464 2894 483 2979 ς
505 2893 526 2961 5
551 2896 745 2981 usurpatam
770 2893 1025 2979 inspexerimus.
1071 2893 1189 2979 ltaque.
1209 2893 1294 2960 inter
1316 2910 1354 2961 se
1377 2892 1589 2960 conterantur

310 3000 410 3068 haec:

572 3125 600 3176 c.
617 3106 675 3176 Ac.
691 3106 771 3176 1115:
1053 3107 1057 3198 t
1279 3104 1336 3173 Ac.
1353 3105 1391 3173 tl:

356 3213 440 3280 Mihi
472 3213 553 3280 nihil
588 3213 679 3282 atiud
711 3214 840 3282 videtur
868 3215 1028 3283 interesse
1128 3214 1219 3298 (103)
1250 3212 1343 3299 quod
1372 3263 1379 3278 .
1406 3261 1447 3278 ..
1488 3209 1589 3278 nihil

311 3318 410 3405 (inter
437 3320 621 3406 sapientem
649 3323 682 3387 et
708 3321 927 3408 studiosum),
963 3321 1028 3389 nisi
1082 3319 1174 3388 falsi
1198 3321 1392 3406 perceptum
1417 3322 1449 3385 et
1472 3317 1589 3404 cogni·

312 3426 404 3513 quod
428 3427 509 3494 alter
532 3427 592 3494 scit
609 3427 818 3511 sapientiam,
842 3428 923 3495 alter
946 3428 1028 3495 scire
1083 3429 1154 3493 turn
1201 3427 1331 3512 possit
1387 3443 1471 3493 esse.
1519 3424 1596 3508 (26),

312 3533 896 3601 desiderat...etnossetalsum
913 3551 1028 3601 nemo
1084 3551 1199 3601 nemo
1263 3532 1417 3600 invenit
1477 3531 1588 3599 talsa.

311 3642 462 3726 potest:
494 3641 589 3707 novit
621 3640 721 3726 igitur
754 3639 916 3727 sapiens
945 3639 1029 3708 veri·
1084 3637 1177 3726 (115)
1210 3638 1297 3707 Non
1336 3655 1396 3707 me
1430 3638 1597 3721 quidem,

311 3749 425 3826 tatem,
449 3746 1030 3834 querndisciplinamsapientiae
1085 3745 1204 3832 inquit,
1256 3745 1325 3813 sed
1367 3745 1589 3831 sapientem

312 3853 435 3921 habere
453 3853 487 3921 in
503 3853 642 3922 animo.
660 3905 668 3921 .
685 3854 861 3922 confessus
877 3871 914 3921 es
929 3903 1029 3921 .....
1085 3853 1174 3920 dico
1209 3853 1319 3920 scire.
1354 3888 1399 3901 -
1436 3849 1598 3937 Optimet

312 3959 399 4028 Mihi
423 3964 534 4029 autem
558 3960 732 4028 noudum
756 3960 904 4044 quidem
928 3976 948 4027 a
972 3975 1031 4028 me
1084 3958 1217 4046 Nempe
1256 3959 1317 4027 ista
1356 3958 1455 4039 scire,
1501 3974 1596 4042 quae·

311 4067 529 4148 inventam,
554 4067 725 4135 inveniri
749 4071 880 4135 tamen
908 4070 1031 4153 posse
1086 4071 1164 4134 sunt
1201 4067 1235 4133 in
1269 4069 1325 4134 tua
1360 4063 1590 4152 disciplina.

312 4191 331 4241 a
353 4173 544 4260 sapiente
567 4171 728 4241 videatur.

356 4404 421 4452 ne.
447 4435 487 4452 ..
524 4386 557 4452 in
590 4387 782 4473 principalis
813 4385 902 4455 illius
926 4404 1028 4472 quae·
1119 4383 1204 4453 Cum
1216 4385 1544 4468 sitenimcampus‚
1556 4383 1596 4449 in

311 4492 432 4560 stionis
455 4493 606 4579 campis
629 4497 687 4561 tua
703 4494 863 4579 equitaret
886 4493 1028 4560 oratio.
1082 4509 1151 4577 quo
1160 4489 1598 4575 exsultarepossitoratio.

400 4617 593 4685 Dilucidum
637 4618 738 4704 igitur
777 4621 827 4685 est
867 4618 923 4702 agi
957 4617 978 4700 ς
1012 4615 1043 4696 5,
1083 4619 1272 4682 utrumnam
1311 4614 1448 4698 sapiens
1485 4614 1590 4698 perci·

311 4742 391 4810 pere
426 4724 533 4810 possit
566 4725 737 4791 veritatem
770 4742 813 4790 an
848 4741 934 4804 non,
970 4723 1003 4790 id
1040 4726 1090 4790 est
1124 4722 1190 4789 iam
1225 4723 1380 4788 tractatur
1413 4720 1462 4800 id,
1499 4719 1598 4807 quod:
