3544 5320
853 405 1029 466 ...64-

301 609 368 676 hoc
405 627 466 693 pro
501 607 710 676 Academicis
748 610 881 695 profert,
920 628 990 677 non
1029 610 1104 697 ipse
1138 611 1182 679 ita
1217 613 1327 692 sentit,
1368 611 1428 678 sed
1464 613 1582 677 contra

302 715 487 801 sapientem
523 732 593 782 non
628 716 748 802 privari
779 715 952 802 sapientia,
989 717 1017 784 si
1048 717 1081 784 in
1110 718 1219 786 lurore
1242 719 1294 786 vel
1323 718 1458 800 somnio
1486 715 1583 784 lalsis

300 821 506 889 assentiatur.
561 820 665 898 ,Nam
702 823 744 890 ab
778 822 937 890 omnibus
968 822 1119 891 eiusdem
1150 825 1243 892 modi
1273 825 1387 906 visis“,
1423 825 1456 890 in
1491 822 1576 908 §51

301 928 418 1012 inquit,
434 927 720 1014 „perspicuitatem
737 978 744 995 .
760 980 767 996 .
781 979 788 996 .
803 930 922 997 abesse
935 928 1119 998 dicemus“.
1143 929 1266 1015 ltaque,
1279 931 1360 1015 quin
1372 930 1583 1016 Augustinus

301 1034 336 1102 ln
360 1036 422 1102 hac
445 1051 583 1120 quoque
607 1035 818 1121 paragrapho
840 1033 1012 1104 Ciceronis
1032 1035 1233 1105 Academica
1256 1040 1391 1105 secutus
1415 1037 1466 1116 sit,
1489 1054 1583 1122 nego

301 1159 402 1228 posse
432 1159 638 1226 quemquam
670 1140 831 1209 dubitare.
886 1140 950 1210 Cui
981 1145 1017 1209 ut
1045 1143 1144 1210 etiam
1176 1144 1285 1231 magis
1315 1144 1511 1224 confidatur,
1545 1144 1580 1209 in

302 1247 419 1317 eadem
443 1266 551 1315 rerum
576 1248 828 1316 continuatione
851 1251 1030 1333 utrumque
1054 1249 1171 1317 eadem
1195 1251 1296 1318 verba
1321 1268 1446 1336 ponere
1470 1249 1580 1318 consi-

301 1355 465 1433 deremus,
489 1355 579 1422 hunc
605 1371 667 1431 ,ne
691 1354 856 1441 adprobet
878 1354 961 1422 lalsa
983 1373 1045 1441 pro
1068 1356 1189 1436 veris“,
1216 1356 1308 1423 illum
1337 1358 1385 1434 ,si
1409 1374 1470 1443 pro
1494 1357 1583 1423 veris

300 1462 384 1530 ialsa
411 1461 632 1548 probaveris.
677 1460 734 1528 llla
762 1463 871 1528 autem
900 1462 1016 1529 verba:
1048 1465 1101 1540 ,at
1128 1463 1218 1530 enim
1241 1514 1248 1527 .
1271 1514 1279 1531 .
1301 1471 1341 1542 .“,
1371 1481 1458 1549 quae
1484 1463 1580 1547 quasi

301 1569 344 1637 ab
390 1567 599 1636 Academicis
646 1567 732 1634 dicta
778 1570 855 1635 sunt
899 1571 1023 1649 contra,
1069 1569 1281 1636 continentur
1326 1569 1433 1656 priore
1481 1569 1583 1635 huius

301 1675 479 1762 Augustini
523 1674 750 1742 conclusionis
789 1678 897 1760 parte:
952 1674 1035 1752 ,Aut
1074 1674 1163 1742 enim
1211 1677 1404 1743 amittitur
1448 1674 1581 1743 lurore

303 1781 503 1868 sapientia
526 1783 558 1848 et
579 1781 644 1848 iam
662 1799 732 1848 non
749 1782 809 1849 erit
826 1781 972 1866 sapiens,
997 1799 1098 1865 quem
1114 1800 1228 1850 verum
1246 1783 1399 1868 ignorare
1416 1783 1580 1849 clamatis:

302 1891 360 1956 aut
386 1888 523 1955 scientia
551 1888 625 1954 eius
654 1890 768 1954 manet
795 1888 829 1954 in
858 1888 1036 1970 intellectu,
1066 1889 1165 1956 etiam
1189 1889 1217 1956 si
1245 1908 1322 1975 pars
1346 1889 1450 1956 animi
1474 1891 1579 1956 cetera

303 1995 348 2077 id,
373 1994 464 2080 quod
489 1995 616 2081 accepit
640 2014 658 2061 a
683 1994 849 2075 sensibus,
873 1995 1019 2062 velutin
1044 1994 1173 2062 somnis
1197 1993 1460 2082 imagineturl).“

392 2118 459 2188 Sed
498 2122 705 2206 quantopere
751 2118 877 2185 ibidem
916 2118 1126 2205 Augustinus
1164 2118 1336 2187 Ciceronis
1382 2119 1584 2188 Academica

303 2227 450 2294 imitatus
485 2226 541 2306 sit,
576 2225 715 2293 tortasse
751 2243 791 2292 ex
826 2225 890 2292 alia
926 2243 1063 2311 quoque
1097 2226 1225 2293 ratione
1255 2227 1465 2313 intellegitur.
1512 2227 1578 2293 lam

304 2331 437 2420 supra²)
468 2333 676 2399 enucleatum
701 2335 753 2399 est
779 2331 1039 2418 dispositionem
1067 2331 1109 2399 de
1138 2350 1278 2400 assensu
1307 2336 1339 2400 et
1366 2334 1586 2419 perceptione

304 2440 466 2527 prolatam
491 2438 617 2505 Luculli
634 2456 718 2505 esse.
766 2436 862 2505 Hanc
886 2442 996 2506 autem
1015 2437 1133 2506 Cicero
1157 2458 1232 2507 cum
1250 2440 1451 2520 observaret,
1474 2440 1586 2507 iacere

304 2564 373 2614 non
398 2546 515 2631 potuit,
541 2545 622 2630 quin
646 2565 686 2612 ex
710 2549 801 2632 parte
826 2545 963 2632 physica
988 2545 1152 2631 quaedam
1178 2546 1243 2612 iam
1263 2547 1306 2630 §§
1325 2547 1364 2612 19
1380 2564 1430 2632 sq.
1448 2549 1582 2614 tractata

304 2655 421 2721 iterum
445 2654 489 2736 ᾗς
507 2653 550 2718 48
564 2671 638 2738 sqq.
664 2653 697 2718 in
722 2653 974 2738 oppositionem
997 2652 1186 2737 irreperent.
1231 2652 1441 2738 Augustinus
1469 2656 1583 2720 contra

305 2761 391 2828 hanc
414 2759 707 2827 inconcinnitatem
732 2759 861 2826 collatis
878 2759 930 2838 iis,
955 2777 1041 2844 quae
1065 2759 1222 2845 physicas
1238 2778 1290 2827 res
1306 2761 1587 2846 complectuntur,

304 2867 450 2953 eiiugere
479 2865 606 2934 studuit
633 2870 666 2933 et
693 2865 834 2933 ethicam
862 2868 894 2932 et
917 2864 1122 2933 dialecticam
1148 2865 1397 2952 philosophiam
1423 2865 1582 2934 adiunxit.

305 2974 382 3057 Qua
411 2974 444 3040 in
473 2991 507 3040 re
535 2976 571 3039 ut
598 2992 618 3039 a
642 2972 770 3040 Luculli
799 2970 1045 3057 compositione
1069 2973 1245 3052 recederet,
1274 2971 1447 3040 Ciceronis
1476 2973 1589 3059 ipsius

305 3081 526 3168 responsione
538 3079 865 3147 videturcommotus
879 3097 964 3161 esse,
980 3079 1075 3146 cuius
1088 3079 1122 3145 in
1135 3079 1235 3146 altera
1247 3083 1340 3164 parte
1353 3098 1371 3146 a
1383 3081 1427 3163 ἕξ
1439 3079 1583 3165 116sqq.

305 3187 543 3273 explicationes
566 3186 672 3252 tribus
701 3185 936 3270 philosophiae
966 3185 1146 3270 generibus
1176 3185 1369 3253 distributae
1397 3192 1484 3254 sunt.
1532 3186 1582 3253 Eo

304 3312 393 3374 vero,
419 3293 510 3378 quod
535 3291 765 3378 responsionis
790 3309 927 3378 quoque
944 3289 1116 3359 Ciceronis
1135 3293 1297 3378 spectavit
1312 3292 1585 3377 dispositionem,

305 3401 348 3468 ab
373 3401 472 3467 altera
496 3398 590 3465 initio
614 3400 635 3482 §
659 3397 701 3464 22
726 3398 940 3484 pronuntiata
965 3398 1156 3482 discrepuit,
1181 3399 1271 3465 utin
1295 3401 1316 3482 ᾗ
1340 3399 1383 3466 28
1407 3398 1586 3466 exclamet:

306 3507 394 3589 „Sed
420 3508 453 3573 in
482 3507 547 3573 alia
573 3505 708 3572 iestinat
736 3505 873 3571 orati0.“
922 3504 1009 3572 Sane
1045 3505 1109 3571 hoc
1143 3504 1207 3571 sibi
1242 3504 1470 3573 confitendum
1507 3523 1589 3572 esse

307 3615 486 3694 sentiebat,
521 3631 597 3680 cum
634 3612 861 3678 demonstrare
890 3611 990 3679 vellet
1020 3611 1144 3696 percipi
1181 3630 1251 3678 non
1286 3612 1368 3678 nihil
1403 3629 1507 3698 posse
1541 3613 1586 3678 ab

306 3721 454 3788 homine.
500 3718 608 3786 Etiam
633 3720 667 3785 in
690 3718 781 3802 §27,
806 3718 864 3785 ubi
888 3719 953 3785 hoc
976 3717 1018 3784 de
1034 3718 1185 3784 moribus
1202 3718 1425 3798 contirmatur,
1449 3719 1583 3803 premit:

306 3828 395 3910 „Sed
411 3844 501 3893 nunc
525 3824 567 3892 de
591 3825 729 3892 scientia
747 3825 951 3910 quaerimus.
998 3822 1088 3910 Ergo
1112 3825 1279 3910 interroga
1303 3825 1500 3911 sapientem,
1525 3825 1584 3909 qui

307 3953 375 4002 non
400 3935 512 4019 potest
535 3933 688 4018 ignorare
712 3931 944 4017 sapientiam.“
990 3929 1096 3998 Paulo
1119 3934 1229 3998 autem
1255 3933 1341 4016 post,
1370 3948 1445 3998 cum
1474 3929 1590 3998 decla--

307 4047 393 4110 retur
416 4040 488 4107 visa
505 4038 740 4106 dormientium
757 4037 810 4104 vel
827 4037 1025 4103 furiosorum
1044 4035 1086 4103 ad
1103 4037 1300 4123 sapientiam
1322 4055 1392 4104 non
1410 4037 1590 4123 pertinere,

306 4148 444 4235 proiert:
492 4144 600 4228 „Cum
636 4144 853 4230 evigilaverit,
900 4144 1088 4229 repudiabit
1120 4145 1148 4210 si
1183 4143 1348 4229 displicet,
1396 4143 1522 4211 tenebit
1557 4145 1585 4211 si

307 4256 446 4342 placet.“
506 4253 626 4338 Neque
663 4251 811 4318 sentiens
846 4252 911 4317 hoc
945 4251 1049 4318 modo
1085 4268 1121 4317 se
1157 4250 1199 4317 de
1237 4249 1453 4318 assentiendo
1489 4251 1585 4335 loqui

395 4449 418 4519 1)
437 4449 527 4502 Altera
554 4462 616 4517 pars
644 4446 826 4501 conclusionis
854 4444 1041 4514 complectitur
1059 4445 1095 4508 id,
1125 4445 1199 4512 quod
1217 4459 1283 4500 vere
1302 4445 1385 4499 sentit
1403 4445 1584 4515 Augustinus,

307 4540 336 4593 ut
356 4541 397 4593 est
410 4538 504 4607 aperte
517 4551 675 4606 expressum
688 4537 715 4590 in
728 4534 783 4590 ilne
797 4534 815 4603 §
828 4534 874 4590 26:
898 4547 995 4602 ,quam
1007 4534 1101 4588 tamen
1114 4533 1277 4604 (scientiam)
1290 4534 1386 4588 volunt
1398 4533 1589 4604 intellegentia

306 4629 437 4684 contineri
467 4626 656 4694 remotamque
687 4639 702 4678 a
732 4624 860 4678 sensibus
891 4625 918 4678 in
951 4624 1043 4676 mente
1073 4624 1174 4678 vivere.
1223 4621 1256 4677 Et
1286 4621 1400 4676 tortasse
1431 4623 1458 4675 in
1489 4635 1584 4676 eorum

307 4732 422 4772 numero
440 4717 483 4771 est
502 4717 612 4785 sapiens
631 4715 685 4779 1111,
704 4727 787 4783 quem
806 4713 984 4780 quaerimus·

395 4804 418 4876 ²)
435 4820 496 4877 pag.
511 4803 555 4859 51.
