3544 5320
761 413 940 474 ...17-
1074 441 1079 449 .

211 621 255 688 sit
288 620 384 687 nolio
420 637 507 706 quae
539 619 574 686 in
603 618 773 688 Hortensii
805 619 992 706 fragmento
1025 618 1084 686 97:
1120 669 1187 697 ,..
1217 638 1286 705 quo
1318 621 1427 707 magis
1455 622 1489 689 hi

212 727 333 795 luerint
363 742 497 810 semper
524 726 558 792 in
589 743 652 793 suo
685 743 816 806 cursu,
846 724 882 792 id
908 728 959 793 est
986 725 1020 793 in
1048 726 1176 794 ratione
1205 730 1237 794 et
1265 726 1490 814 investigandi

213 833 427 919 cupiditate“,
451 831 581 918 optimo
604 832 675 899 iure
698 831 854 918 suspicor
876 831 1005 900 nullum
1029 833 1131 901 alium
1155 832 1283 901 iontem
1298 832 1490 920 Augustino

213 941 275 1008 hac
298 942 391 1025 parte
414 939 625 1024 propositum
648 939 753 1006 luisse
777 938 843 1006 nisi
867 957 955 1020 eum,
980 957 1082 1025 quem
1106 939 1191 1008 libro
1215 939 1248 1007 l..
1284 939 1403 1028 Neque
1427 941 1491 1010 hoc

213 1047 333 1114 mirum
362 1050 423 1128 est,
452 1065 528 1114 cum
557 1045 652 1113 initio
681 1045 755 1112 libri
785 1044 819 1113 11.
849 1046 970 1132 pariter
997 1049 1097 1133 atque
1126 1047 1161 1114 in
1189 1047 1365 1133 prooemio
1393 1047 1491 1134 primi

213 1154 444 1229 Romanianus
468 1154 510 1221 ad
534 1152 784 1239 philosophiam
809 1153 971 1232 incitetur,
994 1152 1089 1221 cuius
1113 1153 1313 1239 praestantia
1336 1155 1490 1222 omnium

213 1279 321 1329 rerum
372 1260 583 1328 ornatissime
630 1259 816 1327 illustratur.
863 1258 967 1341 Quod
1014 1259 1150 1346 quidem
1188 1257 1402 1328 Ohlmannus
1448 1261 1491 1330 de

213 1369 278 1436 hoc
315 1386 392 1455 pag.
409 1367 452 1434 28
487 1366 583 1433 dixit:
630 1365 863 1445 „Prooemium
906 1369 1017 1433 autem
1056 1366 1130 1433 libri
1169 1366 1267 1453 primi
1307 1367 1349 1434 ad
1387 1368 1490 1436 totius

214 1475 327 1560 operis
351 1475 584 1560 argumentum
602 1491 718 1560 parum
736 1473 885 1558 quadrat,
908 1490 984 1540 cum
1001 1490 1064 1540 nec
1078 1472 1264 1540 secundum
1281 1489 1343 1542 nec
1357 1473 1488 1543 tertium

213 1582 334 1650 libmm
374 1581 408 1647 in
447 1599 489 1647 eo
527 1578 739 1666 Augustinus
773 1580 937 1665 respiciat,
976 1578 1018 1646 de
1053 1579 1195 1647 consilio
1230 1583 1341 1647 autem
1376 1584 1490 1649 contra

212 1687 433 1756 Academicos
461 1687 646 1754 disserendi
674 1705 717 1754 ne
749 1686 889 1755 verbum
918 1685 1055 1771 quidem
1079 1686 1207 1767 iaciat‘
1238 1687 1328 1754 haud
1353 1688 1490 1756 scioan

214 1813 331 1882 pamm
356 1796 451 1861 acute
472 1794 690 1861 diiudicatum
715 1793 767 1861 sit.
802 1792 873 1861 Etsi
897 1793 986 1860 enim
1012 1793 1186 1880 prooemio
1210 1793 1283 1860 libri
1308 1793 1328 1860 1.
1354 1813 1398 1863 ne
1422 1813 1491 1863 uno

213 1900 351 1987 quidem
368 1901 470 1968 verbo
487 1900 668 1987 significari
689 1899 935 1984 disputationes
951 1899 1109 1967 libromm
1127 1898 1161 1967 ll.
1179 1902 1212 1968 et
1232 1899 1279 1968 111.
1296 1901 1490 1984 concedam,

213 2010 326 2076 tamen
350 2007 445 2076 facile
469 2006 637 2094 quispiam
662 2007 862 2074 concludere
886 2009 996 2093 potest
1019 2024 1060 2073 ex
1075 2007 1165 2075 iltius
1179 2007 1289 2076 verbis
1306 2012 1397 2095 (pag.
1414 2009 1490 2096 abl:

217 2114 348 2201 ,ltaque
376 2132 452 2181 cum
476 2115 510 2180 in
534 2113 684 2181 secundo
709 2116 742 2181 et
764 2114 861 2182 tertio
885 2114 971 2182 libro
994 2113 1270 2184 Academicorum
1295 2120 1490 2201 argumenta

213 2221 411 2289 refutaturus
440 2221 491 2301 sit,
530 2239 618 2288 nova
654 2238 705 2287 res
734 2237 861 2288 novum
891 2221 1028 2307 requirit
1054 2220 1285 2305 prooemium“
1316 2221 1490 2290 exordium

213 2328 288 2396 libri
304 2328 339 2395 ll.
356 2327 438 2394 nihil
455 2345 634 2395 commune
651 2328 772 2395 habere
785 2344 862 2395 cum
875 2327 1164 2414 explicationibus,
1177 2346 1265 2414 quae
1281 2328 1490 2397 antecedunt.

213 2435 319 2502 lmmo
350 2436 494 2521 primum
526 2433 600 2501 libri
625 2434 659 2500 ll.
692 2434 823 2501 initium
847 2433 974 2520 optime
1006 2434 1182 2502 cohaerere
1205 2452 1280 2502 cum
1314 2436 1492 2520 prooemio

214 2541 289 2609 libri
334 2541 355 2609 l.
398 2541 502 2608 modo
549 2540 860 2608 demonstravimus.
922 2540 1136 2608 Prooemium
1187 2544 1298 2609 autem
1344 2542 1417 2609 libri
1455 2541 1490 2610 ll.

215 2651 422 2736 quantopere
452 2649 627 2716 cohaereat
653 2665 728 2714 cum
752 2646 838 2714 libro
862 2645 894 2728 1,
924 2646 1068 2714 maxime
1091 2648 1198 2715 elucet
1222 2666 1263 2716 ex
1284 2651 1306 2732 ς
1329 2649 1360 2730 6,
1389 2655 1491 2735 quarn

214 2774 305 2824 nunc
328 2754 556 2841 inspiciamus.
604 2754 750 2821 Primum
775 2758 1011 2839 comparentur
1032 2755 1134 2823 verba
1157 2754 1283 2823 ibidem
1300 2755 1492 2842 explanata:

218 2862 315 2942 ,lnde
340 2865 390 2930 est
413 2862 469 2928 illa
493 2860 713 2948 hospitalitas,
738 2859 816 2927 inde
841 2861 875 2927 in
893 2861 1094 2928 conviviis
1110 2861 1213 2929 multa
1230 2862 1492 2930 humanitatis

215 2969 491 3048 condimenta,
512 2967 600 3057 linde
627 2969 701 3054 ipsa
725 2967 955 3053 elegantia“
997 2985 1072 3034 cum
1101 2968 1181 3053 Leg.
1198 2967 1234 3034 Ill
1254 2969 1286 3034 l:
1315 2969 1491 3054 „Marcus

218 3076 366 3162 ,Sequar
382 3126 389 3144 .
408 3131 416 3147 .
434 3127 441 3142 .
459 3075 609 3142 divinum
626 3075 719 3142 illum
735 3074 873 3142 virum.“
914 3073 1053 3142 Atticus.
1096 3073 1325 3151 ,Platonem
1337 3075 1492 3143 videlicet

215 3184 327 3251 dicis.“
375 3184 423 3251 M.
451 3182 572 3261 ,Istum
597 3184 743 3270 ipsum“.
781 3181 820 3250 A.
849 3180 918 3259 ,Tu
934 3201 1013 3250 vero
1031 3199 1107 3248 eum
1125 3200 1187 3250 nec
1202 3183 1304 3250 nimis
1319 3182 1416 3250 valde
1433 3233 1440 3249 .
1457 3234 1465 3250 .
1483 3234 1492 3250 .

216 3289 420 3371 laudaveris,
456 3308 533 3356 nam
569 3290 635 3357 hoc
669 3289 751 3356 mihi
779 3289 879 3358 etiam
908 3288 1012 3357 nostri
1041 3288 1087 3356 illi
1116 3289 1315 3370 concedunt,
1350 3292 1387 3356 ut
1415 3307 1491 3356 cum

215 3398 371 3466 arbitratu
396 3415 474 3464 meo
499 3396 668 3482 diligam.“
709 3396 757 3464 M.
786 3395 896 3473 ,Bene
920 3396 1028 3464 hercle
1052 3395 1186 3463 iaciunt.
1227 3394 1319 3477 Quid
1335 3396 1424 3463 enim
1442 3399 1493 3463 est

214 3503 417 3590 elegantia
444 3506 512 3571 tua
541 3501 698 3590 dignius?
726 3503 822 3570 cuius
852 3505 885 3570 et
911 3503 979 3570 vita
1006 3507 1039 3569 et
1067 3503 1174 3570 oratio
1202 3506 1381 3570 consecuta
1409 3503 1491 3570 mihi

214 3610 345 3678 videtur
405 3609 651 3702 difficillimam.
696 3610 787 3677 illam
845 3609 1081 3678 societatem
1138 3609 1349 3694 gravitatis
1406 3627 1491 3677 cum

215 3717 533 3785 humanitatem
579 3716 668 3803 Ergo
707 3716 801 3783 Plato
839 3716 913 3802 ipse
956 3734 1093 3802 quoque
1131 3719 1164 3783 et
1201 3715 1235 3783 in
1274 3716 1341 3782 vita
1379 3719 1416 3783 et
1453 3716 1492 3782 in

215 3825 397 3892 oratione
432 3824 597 3910 elegantia
632 3828 733 3910 atque
768 3824 973 3891 humanitate
1007 3841 1083 3891 cum
1118 3824 1280 3908 gravitate
1315 3841 1397 3890 usus
1431 3825 1491 3890 est.

214 3931 346 3999 Deinde
384 3950 461 3999 cum
496 3931 548 3999 his
582 3931 769 3999 conferatur
801 3930 902 3998 velim
926 3929 1023 3998 Tusc.
1070 3928 1490 4014 lV72:,l³hi10s0pni

215 4057 333 4106 sumus
372 4039 487 4120 exorti,
526 4042 559 4105 et
592 4041 726 4105 auctore
762 4037 898 4124 quidem
933 4040 1048 4105 nostro
1081 4036 1265 4118 Platone,
1423 4036 1491 4122 qui

215 4147 339 4212 amori
372 4145 648 4214 auctoritatem
680 4144 911 4211 tribueremus.
959 4143 1063 4211 Stoici
1091 4161 1171 4211 vero
1200 4147 1237 4210 et
1267 4143 1489 4228 sapientem

215 4256 437 4320 amaturum
474 4270 560 4320 esse
595 4251 709 4319 dicunt
737 4255 769 4319 et
799 4269 948 4318 amorem
978 4251 1090 4337 ipsum
1123 4252 1298 4328 ,conatum
1328 4248 1492 4317 amicitiae

214 4359 387 4428 faciendae
411 4378 452 4426 ex
475 4358 787 4445 pulchritudinis
811 4357 973 4443 specie“
1000 4355 1194 4425 deliniunt!

303 4483 346 4551 At
360 4482 569 4570 Augustinus
593 4485 712 4570 postea
736 4502 763 4550 c.
780 4482 837 4550 Ac.
855 4483 915 4549 117
933 4481 1083 4549 similiter
1098 4482 1140 4549 de
1165 4481 1379 4569 philosophia
1403 4479 1491 4560 dicit,

216 4609 302 4678 quae
353 4608 483 4668 ,amor
529 4590 733 4675 sapientiae“
787 4589 996 4670 nominatur,
1055 4588 1088 4655 id
1143 4592 1193 4656 est
1247 4605 1341 4654 amor
1395 4604 1491 4652 verae

215 4697 545 4784 pulchritudinis,
580 4698 638 4783 qui
666 4696 776 4784 gignit
806 4695 1097 4782 ,hospitalitatem
1133 4697 1167 4762 in
1196 4694 1358 4762 conviviis
1387 4694 1492 4760 multa

215 4804 431 4872 humanitatis
466 4803 695 4885 condimenta,
731 4804 964 4890 elegantiam“.
1015 4803 1139 4871 Nonne
1173 4807 1223 4870 est
1256 4800 1492 4880 ,humanitatis

1386 4922 1399 4965 2
