3544 5320
860 386 1037 444 ..52-

310 588 449 674 impleta
478 590 634 656 sunt...
663 606 681 654 a
710 587 945 676 Chrysippo.
1088 590 1200 675 itaque
1236 592 1281 658 ab
1317 609 1363 658 eo
1398 593 1593 658 armatum

312 713 402 763 esse
426 693 700 762 Carneadem.“
747 695 879 762 Deinde
902 696 1076 762 Lucullum
1104 697 1138 763 in
1162 695 1218 764 Ac.
1235 697 1317 765 1145
1340 715 1390 783 sq.
1416 715 1476 783 pro
1502 698 1595 778 „evi--

313 801 446 868 dentia“
471 802 578 884 dicere
599 802 768 869 videmus:
794 802 962 884 „Primum
984 802 1084 888 igitur
1108 805 1377 889 perspicuitas
1397 804 1462 886 illa,
1488 823 1593 889 quarn

313 908 469 988 diximus,
498 909 577 976 satis
601 927 759 994 magnam
784 909 884 977 habet
906 909 985 991 vim,
1008 961 1118 978 .....
1122 916 1140 945 “
1186 911 1305 978 Verbis
1328 914 1439 978 autem
1465 930 1588 997 „quam

313 1014 479 1082 diximus‘
508 1014 702 1101 designatur
723 1014 821 1083 Aeli
838 1016 892 1083 17:
917 1066 958 1097 „.
975 1065 983 1082 .
1001 1067 1008 1084 .
1027 1069 1059 1087 ..
1082 1020 1256 1104 propterea
1280 1018 1373 1104 quod
1396 1019 1479 1085 nihil
1502 1021 1598 1086 esset·

313 1122 459 1190 clarius
487 1122 540 1205 (cf.
558 1120 651 1189 1187:
681 1125 717 1189 ut
744 1123 786 1190 ad
818 1141 872 1203 ea,
901 1141 989 1208 quae
1017 1124 1189 1192 clariora
1217 1128 1308 1206 sunt,
1336 1125 1493 1192 veniam.
1513 1177 1520 1190 .
1539 1177 1546 1194 .
1565 1127 1595 1209 ,1

314 1228 484 1316 ἐναργείᾳ
559 1279 593 1296 ..
618 1230 945 1315 perspicuitatem
972 1234 1039 1298 aut
1061 1231 1305 1299 evidentiam
1335 1250 1400 1299 nos
1426 1233 1453 1298 si
1482 1233 1593 1317 placet

314 1336 532 1402 nominemus
551 1387 558 1401 .
577 1387 584 1413 ,
602 1342 632 1402 .“
678 1336 798 1421 Neque
813 1355 893 1404 vero
909 1356 960 1418 ea,
985 1356 1071 1424 quae
1088 1337 1178 1423 apud
1192 1337 1419 1424 Augustinum
1436 1338 1597 1424 legimus,¹

315 1442 377 1509 etsi
404 1442 544 1528 vestigia
573 1443 607 1509 in
629 1441 686 1510 Ac.
704 1443 790 1511 libro
818 1442 852 1511 11.
876 1463 945 1511 non
975 1445 1107 1516 desunt.
1136 1463 1177 1512 ex
1205 1447 1269 1512 hoc
1297 1464 1453 1513 manasse
1475 1446 1591 1512 viden·

313 1551 376 1629 tur,
400 1566 476 1615 cum
500 1549 542 1616 ab
567 1550 635 1630 illo,
659 1553 694 1617 ut
717 1551 872 1636 exemplo
889 1551 1143 1632 demonstratur,
1165 1570 1216 1619 res
1233 1551 1366 1637 planius
1391 1552 1599 1637 exprimatur

315 1674 417 1741 quarn
434 1675 453 1724 a
470 1654 644 1724 Cicerone.
691 1655 758 1724 Sed
782 1657 1009 1743 inspiciamus,
1035 1677 1122 1744 quae
1146 1658 1359 1728 c.Ac.11122
1381 1658 1592 1744 Augustinus

315 1762 576 1848 respondentem
615 1764 713 1848 fingit
747 1763 953 1831 Carneadem
994 1764 1199 1853 Chrysippo:
1236 1765 1419 1847 „Dicamus
1454 1784 1494 1832 ea
1529 1785 1599 1833 nos-

315 1869 453 1950 nescire‚
479 1888 565 1955 quae
590 1871 673 1938 inter
697 1871 964 1957 philosophos
989 1872 1208 1957 inquiruntur,
1238 1875 1345 1940 cetera
1370 1873 1412 1940 ad
1436 1890 1499 1940 nos
1522 1891 1596 1940 non.

316 1977 480 2062 pertinere
505 1983 613 2044 ....“
658 1977 757 2044 Nune
784 1979 942 2064 reputatis
971 1979 1021 2059 iis,
1056 1997 1142 2064 quae
1170 1980 1290 2065 scripta
1318 1983 1397 2046 sunt
1424 1978 1481 2046 Ac.
1498 1979 1595 2047 1191:

317 2134 337 2166 „
352 2135 359 2150 .
377 2134 384 2151 .
402 2083 436 2150 in
461 2085 688 2168 geometriane
712 2085 793 2169 quid
817 2085 858 2151 sit
873 2103 987 2152 verum
1006 2088 1061 2152 aut
1080 2085 1202 2153 falsum
1220 2086 1410 2154 dialecticus
1434 2087 1597 2154 iudicabit

317 2209 360 2258 an
384 2191 418 2256 in
442 2190 556 2258 litteris
584 2211 626 2258 an
656 2191 690 2258 in
719 2191 879 2259 musicis?
914 2196 947 2260 at
980 2211 1019 2260 ea
1047 2211 1117 2260 non
1145 2193 1247 2260 novit.
1273 2193 1307 2259 in
1335 2193 1601 2279 philosophia.

317 2297 461 2382 igitur?“
497 2298 594 2365 facile
629 2299 824 2384 perspicitur
858 2297 1054 2367 Ciceronem
1091 2299 1201 2386 ipsum
1238 2317 1376 2385 quoque
1417 2301 1601 2386 seiungere·

318 2404 491 2472 scientiam
517 2404 752 2491 philosophiae
776 2425 795 2472 a
820 2407 936 2474 ceteris
960 2406 1070 2473 rebus.
1117 2406 1241 2472 Eorum
1265 2424 1359 2485 vero,
1389 2425 1476 2493 quae
1503 2407 1595 2492 apud

317 2511 411 2578 illum
435 2513 505 2578 tum
525 2518 720 2597 sequuntur,
744 2512 866 2580 similia
890 2513 924 2579 in
941 2512 1150 2580 Academicis
1167 2513 1305 2580 servatis
1322 2531 1392 2580 non
1409 2518 1600 2581 occurrunt..

317 2617 404 2684 Nam
429 2617 473 2698 id,
498 2618 590 2702 quod
614 2637 633 2685 a
657 2618 831 2687 Carneade
858 2620 910 2686 sui
942 2619 1143 2687 defendendi
1167 2639 1268 2688 eausa
1296 2620 1420 2688 dictum
1449 2625 1530 2698 erat,
1560 2622 1597 2688 in¹

317 2724 535 2810 philosophia
563 2725 692 2793 homini
721 2744 790 2793 non
821 2743 923 2812 posse
946 2726 1120 2812 obtingere
1149 2727 1334 2807 scientiam,
1365 2728 1514 2795 Zenonis
1539 2728 1601 2795 de«-

318 2831 471 2910 finitione
498 2832 660 2899 subtiliter
688 2833 730 2900 ad
759 2832 941 2901 absurdum
972 2833 1143 2902 deducitur
1168 2838 1200 2902 et
1223 2833 1277 2901 ille
1300 2835 1597 2902 vehementissime

318 2939 528 3023 vituperatur.
577 2938 711 3019 Quodsi
726 2938 935 3025 Augustinus
958 2941 992 3007 in
1009 2943 1030 3024 ᾗ
1045 2941 1088 3006 22
1109 2941 1245 3008 sedulus
1262 2941 1407 3009 imitator
1423 2940 1598 3009 Ciceronis

319 3045 391 3112 libri
409 3045 441 3112 11.
462 3045 738 3112 Academicorum
763 3050 900 3131 apparet
922 3065 1034 3133 neque
1056 3051 1179 3126 tamen,
1203 3065 1279 3114 curn
1296 3048 1360 3114 alia
1384 3047 1478 3134 plura
1502 3067 1602 3133 praev

320 3153 412 3232 beat,
441 3171 481 3220 ex
508 3155 573 3220 hoc
607 3153 683 3236 ipso
719 3154 843 3233 hausit,
878 3154 995 3221 iterum
1031 3155 1183 3240 suspicor
1217 3173 1294 3220 eum
1329 3155 1404 3223 loco
1438 3155 1597 3222 editionis

321 3259 513 3344 posterioris
531 3260 645 3326 nescio
663 3278 730 3345 quo
748 3279 846 3326 usum
864 3279 938 3328 esse
946 3259 981 3346 1),
996 3279 1071 3346 quo
1081 3280 1132 3339 ea,
1147 3280 1233 3347 quae
1251 3261 1285 3328 in
1298 3261 1436 3329 Lucullo
1449 3263 1534 3328 libro
1552 3263 1600 3329 le·

320 3367 403 3432 viter
418 3369 545 3432 tantum
563 3367 748 3452 significata
766 3371 853 3448 sunt,
871 3369 1042 3453 copiosius
1055 3371 1086 3435 et
1099 3369 1292 3455 diligentius
1305 3369 1481 3454 explanata
1494 3373 1598 3436 erant..

411 3543 432 3612 ¹)
451 3541 507 3598 Sed
527 3544 601 3598 aliud
620 3559 703 3614 grave
722 3546 913 3615 argumentum
931 3544 967 3599 ad
985 3545 1057 3600 hunc
1075 3545 1165 3600 locum
1183 3546 1322 3614 pertinens
1337 3561 1431 3601 eruere
1449 3561 1602 3616 possumus
1660 3559 1662 3564 ’

321 3647 356 3686 en
373 3635 421 3697 eis,
442 3647 511 3702 quae
530 3633 642 3694 Refdius
665 3648 726 3704 pag.
741 3633 776 3688 54
798 3637 1028 3689 commemoravit.
1066 3634 1117 3690 Hic
1141 3636 1207 3690 satis
1231 3642 1308 3690 acute
1336 3636 1429 3690 mouet
1457 3635 1603 3690 Lucullum

321 3721 432 3777 demum
450 3725 478 3776 iu
496 3723 623 3778 Acilii
642 3738 702 3793 sqq.
723 3724 855 3793 quasdam
869 3722 986 3778 Graecas
998 3739 1091 3789 voces,
1110 3724 1140 3779 ut
1157 3725 1313 3796 κατάληψιν,
1332 3727 1460 3796 ἐνάργειαν
1477 3725 1600 3794 aliasque

321 3814 349 3867 ln
377 3812 501 3867 Latinum
528 3814 700 3878 convertere,
729 3826 800 3881 quae
828 3827 889 3867 curn
912 3813 1026 3868 multum
1055 3815 1107 3868 siut
1129 3815 1208 3868 tritae
1235 3817 1263 3868 in
1291 3813 1444 3869 Stoicorum
1469 3813 1605 3878 doctrina,

322 3901 460 3958 Ciceronis
479 3917 578 3957 munus
597 3905 624 3956 in
638 3901 733 3958 Catulo
751 3903 819 3956 libro
838 3901 923 3957 fuisse
935 3917 990 3956 non
1009 3918 1092 3973 posse
1104 3903 1242 3959 concludit
1260 3918 1369 3958 causam
1382 3903 1597 3974 dogmaticorum

321 3992 488 4063 argumentis
506 3991 621 4062 singulis
640 3992 819 4061 scepticorum
837 3990 1007 4055 labefactare,
1027 3991 1077 4046 sed
1095 3992 1283 4048 tantummodo
1299 3994 1497 4062 extemporum
1516 3992 1607 4046 rebus

321 4080 498 4136 Academiam
517 4081 671 4136 defendere.
709 4081 785 4136 Haec
803 4082 923 4149 suspicio
941 4080 1144 4136 confirmabitur
1161 4096 1203 4146 eo,
1223 4081 1296 4150 quod
1316 4080 1382 4135 infra
1401 4080 1436 4134 de
1451 4078 1551 4134 Catulo
1571 4080 1599 4134 et

322 4169 369 4224 Ac.
391 4172 462 4240 post.
484 4171 554 4226 libro
580 4171 610 4226 11.
629 4173 835 4226 constituemus.
884 4169 916 4224 Et
944 4185 972 4224 re
999 4184 1071 4234 vera,
1099 4185 1160 4224 curn
1187 4170 1315 4224 Lucullus
1342 4169 1432 4224 Acti
1454 4169 1486 4223 17
1514 4169 1600 4225 dicat:

326 4300 463 4324 ......
483 4260 558 4330 quod
576 4260 643 4314 nihil
662 4260 736 4315 esset
754 4261 851 4316 clarius
874 4257 1029 4330 ἐναργείᾳ,
1053 4261 1081 4314 ut
1105 4259 1213 4323 Graeci,
1241 4259 1516 4329 perspicuitatem
1545 4259 1603 4314 aut·

324 4351 529 4407 evidentiam
542 4365 601 4416 nos,
619 4351 641 4404 si
659 4350 756 4419 placet,
775 4352 982 4405 nominemus
1001 4349 1274 4418 fabricemurque,
1293 4353 1318 4404 si
1330 4365 1399 4418 opus
1412 4349 1470 4412 erit,
1489 4349 1601 4415 verba“,

323 4442 446 4511 apertum
477 4442 519 4495 est
548 4441 583 4496 ad
614 4441 685 4495 hunc
715 4440 805 4494 locum
836 4455 892 4494 non
923 4440 1046 4494 vocabuli
1080 4439 1245 4504 ,evidentia·
1280 4453 1394 4508 usquam
1430 4439 1599 4492 mentionem

323 4529 421 4586 iactam
440 4543 513 4586 esse.
548 4529 641 4598 Itaque
664 4529 803 4597 probabile
827 4530 871 4583 est
893 4528 960 4582 haec
979 4544 1001 4583 c.
1013 4529 1061 4582 Ac.
1075 4528 1151 4582 11122
1170 4529 1258 4583 311313;
1287 4528 1353 4593 ,Hic
1372 4527 1512 4598 evigilavit
1535 4525 1599 4582 Car-

323 4621 427 4676 neades
459 4625 486 4676 et
513 4621 701 4690 circumspexit
728 4634 816 4673 rerum
845 4619 1050 4673 evidentiam
1078 4621 1128 4673 etc.
1153 4660 1158 4672 .
1185 4623 1207 4672 .'
1238 4633 1272 4672 ex
1299 4616 1396 4672 Catulo
1425 4619 1508 4686 petita
1537 4631 1601 4670 esse

324 4727 379 4767 non
398 4726 493 4781 posse:
513 4710 588 4781 quod
607 4712 629 4764 si
643 4708 738 4764 Cicero
757 4708 859 4762 ibidem
877 4709 948 4762 hanc
965 4710 1048 4762 rixam
1062 4707 1209 4763 Carneadis
1229 4711 1256 4762 et
1273 4706 1420 4778 Chrysippi
1437 4721 1608 4760 commemo·-

321 4803 447 4866 1avisset,
470 4804 529 4855 sine
553 4800 636 4855 dubio
655 4798 728 4852 istud
746 4797 917 4862 vocabulum,
942 4813 997 4866 quo
1010 4812 1115 4852 summa
1134 4800 1171 4851 rei
1191 4799 1289 4861 nititur,
1312 4799 1401 4865 ipsum
1420 4795 1605 4850 adhibuisset.
