3544 5320
848 379 1027 438 ...43-

299 586 447 672 quidem,
481 587 635 673 quamvis
664 586 825 655 audierim
854 586 910 652 de·
966 585 1129 670 sapiens
1152 584 1214 652 vel
1237 583 1582 658 maxime'videtur

299 696 387 762 creta
408 696 527 773 vestra,
552 693 609 761 ubi
633 692 675 760 sit
697 711 826 760 verum:
852 691 912 758 sed
967 709 1056 759 esse
1080 690 1300 777 sapientis.)

300 800 389 879 ideo,
418 798 523 885 quod
553 799 619 885 qui
650 799 701 866 sit
731 799 770 867 in
798 797 912 866 vobis

299 906 464 992 sapiens
489 905 641 991 ignoro.

391 1010 464 1078 liae
493 1011 745 1099 comparatione
779 1010 885 1096 liquet
912 1009 1139 1097 angustinum
1175 1011 1271 1096 sequi
1302 1009 1472 1078 Ciceronis
1504 1029 1583 1078 sen·

301 1118 452 1198 tentiam,
477 1136 543 1203 qua
561 1118 754 1204 exprimitur
768 1117 822 1185 vel
845 1117 888 1184 ad
911 1115 945 1184 id
969 1117 1092 1203 ipsum,
1117 1117 1175 1204 qui
1199 1118 1242 1184 sit
1264 1117 1410 1203 sapiens,
1434 1135 1585 1204 cognos-

302 1224 445 1293 cendum
478 1224 608 1293 homini
643 1241 731 1309 opus
760 1242 835 1292 esse
863 1223 1039 1310 sapientia.
1084 1223 1231 1292 Eaedem
1267 1224 1452 1291 sententiae
1479 1227 1583 1310 atque

303 1351 332 1400 c.
355 1330 412 1400 Ac.
437 1330 531 1401 11117
552 1350 572 1398 a
597 1329 758 1400 Cicerone
782 1331 1039 1417 pronuntiantur
1055 1329 1111 1399 hc.
1135 1330 1251 1399 11117:
1279 1329 1435 1413 „Quaero
1456 1333 1584 1412 tamen,

304 1456 404 1526 quem
422 1441 588 1522 sequatur.
618 1437 725 1524 Finge
742 1438 887 1523 aliquem
905 1455 995 1506 nunc
1017 1438 1089 1505 lieri
1104 1438 1300 1523 sapientem,
1325 1436 1476 1506 nondum
1492 1455 1587 1517 esse:

304 1563 405 1630 quam
433 1545 648 1631 potissimum
678 1545 879 1612 sententiam
907 1544 1009 1630 eliget
1044 1549 1076 1612 et
1103 1544 1338 1630 disciplinam?
1373 1544 1435 1611 etsi
1464 1561 1583 1630 quarn·

303 1669 449 1737 cumque
473 1651 583 1737 eliget,
608 1651 811 1737 insipiens
834 1651 953 1737 eliget“
976 1654 1009 1718 et
1024 1649 1081 1718 Ac.
1106 1650 1227 1719 11132:
1255 1651 1329 1729 ,hic
1354 1651 1453 1736 igitur
1475 1650 1583 1717 neutri

306 1758 511 1838 adsentiens,
535 1757 564 1825 si
580 1774 766 1843 nunquam,
790 1762 862 1825 uter
878 1758 920 1825 sit
942 1759 1089 1845 sapiens,
1113 1758 1296 1843 adparebit,
1311 1775 1425 1825 nonne
1442 1761 1590 1842 utroque

306 1867 357 1933 est
372 1864 627 1951 prudentiori..
642 1914 650 1930 .
667 1864 763 1932 liceat
778 1865 914 1932 tandem
927 1865 1008 1933 mihi
1024 1864 1244 1944 considerare,
1258 1867 1364 1932 utram
1382 1865 1582 1932 sententiam

308 1989 502 2057 sequar...
534 1970 701 2038 Contineo
718 2021 725 2038 .
743 2020 751 2037 .
767 1989 838 2052 me,
873 1990 916 2039 ne
951 1973 1125 2058 incognito
1161 1972 1338 2051 adsentiar,
1374 1971 1467 2058 quod
1502 1970 1584 2038 mihi

307 2085 417 2152 lecum
435 2082 485 2146 est
501 2077 626 2164 dogma
643 2087 880 2158 commune,“
899 2097 966 2164 qua
991 2079 1025 2146 in
1048 2079 1228 2147 collatione
1250 2078 1415 2165 imprimis
1436 2076 1591 2145 animad-

306 2184 503 2254 vertendum
520 2187 579 2264 est,
605 2185 697 2270 quod
721 2187 860 2270 uterque
880 2185 1033 2253 eiusdem
1058 2187 1103 2253 rei
1128 2184 1365 2271 exprimendae
1385 2202 1486 2252 causa
1502 2201 1587 2252 voce

312 2300 530 2371 ,commune“
557 2292 666 2359 utitur.
1136 2283 1140 2295 '

397 2398 481 2466 inter
505 2417 541 2466 se
565 2399 775 2466 conterantur
798 2398 897 2465 etiam
922 2400 1004 2466 haec
1038 2399 1080 2467 de
1109 2400 1215 2485 gloria
1253 2399 1414 2485 sapientis
1445 2398 1592 2483 prolata:

384 2525 412 2573 c.
436 2505 492 2573 Ac.
517 2504 553 2572 lll
581 2504 630 2571 17.
659 2505 713 2572 18:
895 2523 896 2526 ’
1106 2506 1203 2573 Tusc.
1229 2505 1323 2573 1118:

354 2612 401 2680 Ea
422 2612 522 2698 igitur
543 2610 672 2696 gloria
692 2630 787 2696 gau·
886 2611 938 2679 Ne
973 2612 1033 2679 ista
1069 2611 1248 2698 gloriosa
1277 2612 1478 2698 sapientia
1507 2628 1590 2677 non

181 2800 184 2808 Ι
311 2718 376 2786 det
399 2718 576 2804 sapiens,
600 2719 634 2783 in
659 2717 788 2802 quailli
844 2718 976 2804 magni
1018 2718 1265 2786 aestimanda
1297 2721 1371 2798 est,
1420 2715 1587 2803 siquidem

310 2825 457 2893 stultus
491 2826 675 2910 aequatur?
720 2824 790 2909 (18)
844 2842 914 2891 non
938 2824 1079 2891 multum
1104 2825 1428 2893 diiiertabinsania.
1475 2823 1595 2907 Quint·

311 2931 454 3001 Sed...
508 2931 705 2999 secedamus
755 2930 789 2996 in
843 2931 904 2998 tibi
933 2932 1089 2999 omnisne
1122 2933 1225 2998 animi
1254 2931 1437 2999 commotio
1461 2929 1596 2998 videtur

312 3039 488 3110 scholam
558 3037 789 3106 Platonis..
845 3039 997 3105 insania?
1020 3088 1080 3106 ...
1103 3038 1290 3106 Maioribus
1314 3056 1453 3124 quoque
1468 3037 1596 3105 nostris

313 3148 376 3217 Hic
399 3148 464 3214 ianr
489 3164 558 3213 non
582 3145 624 3211 de
645 3143 790 3230 gloria,
846 3147 910 3213 hoc
934 3146 978 3211 ita
994 3146 1103 3212 visum
1128 3145 1287 3231 intellego
1312 3146 1425 3213 multis
1449 3143 1596 3214 saeculis

314 3254 407 3343 quod
443 3253 531 3320 leve
566 3270 604 3319 ac
637 3251 791 3337 puerile
847 3256 922 3320 ante
958 3252 1173 3333 Socratem,
1209 3270 1327 3337 aquo
1355 3253 1438 3322 haec
1468 3251 1591 3330 omnis,

313 3365 373 3442 est,
402 3360 462 3427 sed
491 3359 532 3426 de
561 3359 634 3444 ipsa
657 3359 735 3425 vita
761 3360 794 3424 et
847 3363 1007 3446 quaeest
1031 3358 1073 3427 de
1092 3360 1167 3426 vita
1188 3369 1220 3426 et
1240 3360 1282 3426 de
1298 3359 1459 3439 moribus,
1484 3357 1596 3444 philo*

314 3468 356 3536 de
373 3466 483 3553 aliqua
500 3484 560 3552 spe
577 3465 681 3532 animi
705 3464 793 3532 beati
849 3467 970 3552 sophia
1001 3465 1148 3534 manavit
1267 3469 1393 3552 negant
1427 3464 1593 3551 (philoso-

315 3626 323 3643 .
341 3627 349 3642 .
373 3574 588 3641 disseramus.
850 3573 945 3659 phi).
964 3572 1152 3640 ‚stultum
1174 3590 1380 3659 quemquam
1397 3572 1448 3639 his
1465 3570 1597 3638 morbis-

848 3697 974 3747 vacare.

430 3784 680 3854 cmfflffl:
1128 3786 1314 3855 &HQ

360 3893 517 3961 Tale...
550 3892 678 3958 visum
703 3907 794 3956 coni·
894 3893 1034 3980 Reliqua
1080 3894 1334 3980 (agnoscuntur)
1372 3892 1486 3971 visis,
1534 3891 1600 3958 sed.

317 4001 530 4089 prehendi..
556 4016 667 4084 posse,
697 3996 796 4081 quale
851 4001 983 4086 propria
1017 4001 1085 4068 veri
1120 4019 1189 4068 non
1227 3999 1425 4068 communi
1459 3998 1527 4066 veri
1563 4001 1600 4065 et.

318 4127 402 4177 cum
431 4108 526 4176 ialso
559 4125 628 4173 non
661 4103 797 4170 haberet
850 4107 923 4174 talsi
947 4111 1078 4175 nota..
1109 4107 1177 4194 (341
1216 4106 1251 4174 ln
1287 4125 1328 4174 eo
1352 4107 1411 4190 (sc.
1436 4105 1537 4188 viso)
1561 4155 1596 4171 ..

318 4216 434 4301 signa
457 4213 688 4282 communia.
851 4215 878 4282 si
903 4215 962 4281 erit
984 4215 1247 4282 communitas
1271 4233 1356 4281 curn
1380 4213 1493 4292 laiso,
1522 4213 1600 4279 nul*

852 4321 920 4388 lum
956 4322 1015 4388 erit
1045 4321 1215 4401 iudicium,
1255 4321 1333 4406 quia
1361 4319 1530 4406 proprium
1561 4319 1607 4395 in

852 4428 1049 4495 communi
1082 4429 1200 4513 signo
1231 4427 1337 4495 notari
1369 4445 1439 4494 non
1475 4429 1599 4512 potest.

499 4554 543 4621 ib.
572 4553 626 4620 19:
1116 4550 1214 4621 Tusc.
1238 4553 1249 4619 l
1273 4553 1330 4619 94:

364 4659 808 4746 Inducendisuntsapien·
898 4656 1602 4746 Nihilesthominiprudentiadulcius.

320 4766 807 4837 tiaedulcissimonomine.
1580 4793 1583 4800 ·
