3544 5320
866 302 1045 362 ..58-

320 529 464 596 magnas
487 509 731 577 consensiones
747 509 890 576 ollerunt
906 524 1017 594 neque
1032 526 1111 574 vero
1127 525 1203 575 cum
1220 505 1429 574 Academicis
1450 504 1602 584 servatis,

319 620 488 684 attamen
516 619 559 700 §§
583 616 627 683 23
651 633 701 702 sq.
717 613 933 701 multimodis
961 632 1036 681 cum
1061 612 1199 682 Lucullo
1229 613 1314 680 libro
1343 614 1543 699 congruant,
1571 611 1598 678 si

318 723 485 791 addamus
509 723 563 790 illa
588 724 623 789 in
646 720 785 790 Timaeo
809 721 985 807 exquisita,
1009 720 1092 787 nihil
1116 719 1206 787 aliud
1230 719 1380 804 sequitur
1395 719 1460 785 nisi
1484 717 1605 788 nescio

319 847 420 916 quem
442 829 652 917 deperditum
668 827 945 897 Academicorum
962 828 1076 896 locum
1092 829 1136 896 ab
1151 826 1343 913 Augustino
1365 843 1440 894 esse
1457 824 1603 910 exscrip-

317 939 400 1003 tum.
447 935 619 1019 Quoniam
641 935 848 1021 probabilius
871 938 924 1003 est
947 952 988 1002 ex
1011 952 1080 1001 uno
1102 937 1232 1002 tantum
1248 935 1333 1000 libro
1349 935 1417 1000 tam
1434 931 1605 999 artissime

318 1043 353 1108 in
376 1060 413 1110 se
438 1043 651 1111 cohaerentia
674 1042 876 1128 profluxisse
899 1059 1000 1127 quam
1021 1059 1064 1108 ex
1078 1040 1223 1121 duobus,
1248 1042 1285 1106 ut
1299 1057 1399 1125 supra
1416 1038 1603 1106 identidem

320 1150 518 1235 pressimus,
542 1148 726 1230 „Catulus“
751 1147 955 1236 spectandus
978 1166 1048 1215 non
1072 1146 1164 1231 est1).

407 1257 505 1324 Nunc
529 1275 709 1343 pergamus
725 1254 923 1324 Ciceronem
947 1257 979 1322 et
994 1253 1221 1340 Augustinum
1237 1254 1323 1322 inter
1337 1271 1374 1321 se
1393 1268 1604 1337 comparare,

317 1361 371 1430 Ab
395 1366 537 1449 utroque
560 1363 719 1449 premitur
743 1362 946 1430 dormientes
973 1362 1026 1430 vel
1055 1361 1206 1428 similiter
1232 1360 1369 1428 allectos
1398 1378 1467 1427 non
1493 1358 1598 1444 respi-

317 1469 457 1537 ciendos
480 1487 554 1537 esse
577 1469 620 1538 ad
644 1468 909 1549 diiudicandum,
925 1471 1032 1535 utrum
1056 1486 1171 1535 verum
1196 1467 1321 1553 percipi
1342 1466 1449 1552 possit
1472 1480 1594 1532 necne:

511 1612 540 1661 c.
557 1592 614 1662 Ac.
630 1591 675 1660 III
686 1592 745 1660 25:
1205 1591 1263 1660 Ac.
1280 1591 1375 1660 1153:

362 1717 463 1786 Potes
476 1719 566 1785 enim
579 1717 688 1785 dicere
702 1718 768 1785 hoc
777 1719 859 1785 mihi
872 1718 931 1785 eti·
1030 1716 1108 1785 Non
1137 1716 1226 1784 enim
1261 1716 1483 1803 proferremus
1516 1714 1602 1782 vino

318 1843 372 1891 am
390 1822 569 1892 dormienti
588 1823 692 1892 videri
709 1825 870 1910 potuisse.
894 1823 932 1893 Si
987 1827 1043 1892 aut
1067 1841 1194 1891 somno
1222 1841 1406 1909 oppressos
1432 1873 1533 1904 ....,
1563 1826 1597 1890 ut

318 1934 428 1998 autem
438 1931 931 2016 unusetsexmundisunt,sep·
987 1930 1176 1998 diceremus
1208 1930 1368 1998 interesse
1404 1929 1488 1997 inter
1515 1928 1602 2014 vigi·

317 2040 385 2105 tem
402 2037 548 2105 mundos
565 2055 649 2117 esse,
667 2054 807 2123 quoquo
827 2037 931 2105 modo
986 2038 1127 2105 lantium
1151 2037 1223 2104 visa
1246 2087 1304 2105 ...
1333 2039 1368 2104 et
1395 2053 1510 2103 eorum
1540 2035 1602 2122 qui.

318 2143 490 2212 allectus
514 2145 593 2225 sim,
621 2144 833 2211 manifestum
870 2146 931 2212 est.
987 2147 1101 2212 essent
1124 2144 1216 2212 aliter
1239 2142 1396 2211 adiecti.

407 2267 615 2354 Augustinus
650 2287 731 2354 ergo
768 2272 877 2355 putat,
912 2286 1000 2356 quae
1032 2272 1145 2337 mente
1184 2271 1217 2336 et
1250 2269 1378 2336 ratione
1412 2267 1596 2346 videantur,

319 2374 438 2442 eadem
463 2375 562 2442 etiam
592 2375 626 2442 in
650 2392 772 2446 somno
798 2394 878 2443 vera
905 2376 1024 2457 videri,
1059 2394 1135 2443 cum
1160 2394 1215 2457 ea,
1251 2393 1337 2460 quae
1365 2392 1425 2460 per
1448 2363 1603 2458 corporis

319 2498 440 2548 sensus
464 2498 528 2548 nos
551 2481 732 2567 attingant,
765 2481 849 2550 ialsa
873 2500 948 2549 esse
972 2483 1118 2568 possint:
1155 2481 1263 2564 „Nam
1287 2485 1336 2548 ter
1358 2484 1451 2548 tema
1475 2498 1603 2547 novem.

318 2605 394 2654 esse
429 2589 462 2654 et
490 2586 688 2673 quadratum
724 2588 991 2674 intellegibilium
1021 2606 1235 2658 numerorum
1271 2605 1410 2656 necesse
1445 2590 1509 2667 est,
1545 2586 1605 2653 vel

319 2711 443 2780 genere
465 2695 614 2762 humano
638 2697 794 2762 stertente
818 2696 861 2762 sit
883 2701 1031 2762 vemm.“
1078 2695 1189 2763 Huius
1217 2695 1401 2763 sententiae
1429 2693 1605 2788 signitica-

316 2801 444 2868 tionem
470 2800 639 2888 quandam
656 2818 827 2888 cognosco
852 2803 886 2868 in
909 2801 967 2870 Ac.
983 2799 1083 2869 1142:
1108 2802 1292 2884 „Dividunt
1316 2805 1374 2884 (sc.
1391 2800 1607 2888 Academicil·

317 2907 407 2975 enim
430 2908 464 2975 in
488 2911 610 2993 partes,
635 2960 642 2974 .
662 2960 669 2975 .
688 2959 695 2974 .
713 2908 858 2994 primum
873 2909 909 2975 in
934 2927 1064 2990 sensus,
1089 2959 1122 2975 ..
1141 2960 1148 2976 .
1164 2912 1235 2975 tum
1253 2909 1449 2994 perveniunt
1464 2907 1507 2974 ad
1524 2926 1604 2975 eam

319 3017 457 3100 partem,
474 3019 565 3082 utne
582 3015 736 3083 ratione
754 3015 890 3100 quidem
908 3065 916 3082 .
934 3065 942 3082 .
960 3066 968 3083 .
985 3014 1596 3102 31131333313131333311“,3111521).

407 3192 431 3260 1)
450 3190 544 3261 Itaque
562 3192 607 3246 hic
625 3207 736 3262 quoque
753 3193 820 3261 puto
832 3191 1053 3248 concludendum
1072 3206 1143 3256 esse,
1162 3207 1223 3248 cum
1235 3192 1312 3263 plura
1325 3193 1511 3248 invenerimus
1524 3191 1605 3260 apud.

317 3278 503 3350 Augustinum
523 3295 586 3336 esse
609 3283 734 3351 exposita
758 3296 839 3351 quam
862 3283 890 3336 in
917 3280 1070 3348 ,lucullo¹,
1093 3281 1175 3336 huius
1198 3281 1347 3337 editionem
1369 3282 1546 3351 posteriorem
1570 3282 1623 3335 in·

318 3368 391 3422 illius
408 3369 534 3424 manibus
546 3369 641 3426 tuisse.
678 3370 739 3426 Hoc
762 3372 936 3427 verisimilius
954 3385 988 3426 3ο
1001 3369 1041 3436 iit,
1060 3371 1136 3441 quod
1154 3386 1217 3444 pag.
1230 3369 1266 3426 56
1290 3371 1473 3425 intelleximus
1495 3369 1599 3426 iontem

318 3455 457 3512 Ciceronis
476 3460 558 3514 etiam
577 3459 662 3514 muita
685 3460 737 3515 alia
759 3460 922 3530 explanasse
942 3463 970 3515 in
993 3461 1106 3532 physica
1129 3461 1205 3530 parte
1227 3475 1309 3531 quam
1333 3459 1481 3524 Lucullum,
1505 3474 1604 3529 neque

317 3548 368 3610 est,
387 3561 470 3616 quare
488 3547 549 3602 talia
568 3550 596 3602 111
615 3548 715 3604 eodem
727 3549 795 3604 libro
808 3549 852 3604 ed.
865 3550 936 3619 post
949 3552 1051 3605 amisso
1067 3549 1152 3605 luisse
1164 3550 1269 3605 adlecta
1282 3563 1425 3621 negemus,
1437 3550 1596 3617 praesertim

317 3651 379 3692 cum
398 3634 493 3692 Cicero
512 3651 628 3692 acumen
655 3637 889 3708 subtilitatemque
915 3639 1067 3695 orationum
1085 3637 1212 3694 Varronis
1233 3638 1268 3693 ad
1286 3637 1342 3693 Att.
1355 3637 1411 3692 xiii
1426 3636 1473 3706 13;
1498 3637 1531 3693 19
1553 3652 1607 3693 ex·-

317 3727 423 3796 pressis
441 3727 534 3781 verbis
553 3725 646 3782 laudet
665 3725 738 3798 (pag.
752 3726 809 3795 28).

408 3813 431 3883 ²)
449 3813 514 3884 Pag.
526 3812 562 3870 56
574 3815 636 3870 adn.
656 3816 710 3870 iam
727 3816 881 3885 suspicatus
894 3831 955 3871 sum
968 3817 1020 3872 hoc
1042 3817 1102 3872 ioco
1115 3815 1276 3872 Ciceronem
1289 3816 1340 3872 alia
1352 3818 1381 3870 in
1392 3814 1469 3871 tonte
1482 3817 1601 3870 inventa

316 3903 487 3973 praeterisse.
529 3902 644 3959 Desistit
670 3918 712 3968 ea,
740 3919 811 3974 quae
838 3905 874 3959 de
903 3906 1026 3961 visorum
1053 3904 1214 3961 differentiis
1243 3905 1296 3960 dici
1326 3906 1456 3976 possunt,
1485 3905 1597 3976 longius

317 4006 454 4062 exponere
472 3991 525 4046 hoc
544 3993 648 4048 tantum
667 3993 801 4049 adiciens:
825 3993 907 4058 ,illud
925 3997 997 4048 enim
1017 3994 1131 4050 dicimus
1151 4009 1207 4049 non
1219 3994 1335 4050 eandem
1353 4008 1415 4049 esse
1429 3996 1486 4048 vim
1505 4008 1602 4062 neque·

317 4081 499 4152 integritatem
521 4081 713 4137 dormientium
736 4084 764 4137 et
787 4082 960 4154 vigilantium
983 4097 1034 4139 nec
1061 4083 1171 4139 mente
1198 4098 1250 4138 nec
1277 4087 1384 4138 sensu·
1427 4083 1606 4154 Augustinus-

317 4169 422 4234 autem,
449 4185 511 4224 cum
529 4170 685 4226 adversario
703 4172 838 4228 interesse
856 4173 926 4227 inter
943 4173 986 4228 iila
1007 4176 1066 4228 visa
1084 4175 1197 4246 neganti
1215 4172 1382 4242 respondeat
1400 4186 1515 4226 necesse
1534 4185 1602 4226 esse

317 4258 403 4313 menti
421 4258 503 4313 etiam
522 4261 550 4313 in
569 4273 666 4315 somno
686 4260 821 4329 quaedam
839 4263 981 4318 verissima
1008 4262 1107 4328 videri,
1137 4264 1164 4316 in
1194 4261 1293 4318 eodem
1323 4276 1411 4317 rerum
1439 4275 1545 4316 conexu
1569 4263 1597 4315 in

317 4361 372 4416 quo
400 4348 468 4402 alter
493 4348 628 4404 vocabulo
659 4347 760 4414 ,311131
790 4351 885 4415 utitur,
913 4353 942 4406 ut
961 4353 1101 4407 strenuum
1124 4350 1349 4407 Academicomm
1372 4351 1537 4406 imitatorem
1566 4364 1598 4405 se

316 4436 454 4505 praebeat
491 4434 562 4491 Cum
584 4441 676 4492 tamen
698 4441 758 4493 eius
781 4441 979 4510 argumentatio
1007 4443 1035 4494 in
1062 4441 1114 4496 hac
1140 4455 1250 4510 quoque
1277 4439 1448 4512 paragrapho
1474 4439 1605 4495 subtilior

319 4527 401 4595 atque
414 4527 550 4595 copiosior
560 4525 609 4582 liat
620 4528 680 4582 allis
693 4527 857 4597 quibusdam
870 4531 1003 4599 exemplis
1013 4529 1151 4596 adhibitis,
1170 4532 1280 4600 quaein
1302 4529 1441 4595 ,Lucullo¹
1463 4542 1602 4598 nusquam

315 4616 498 4679 inveniuntur,
516 4615 583 4669 nihil
602 4615 667 4670 mihi
687 4616 799 4686 quidem
818 4618 951 4686 reliquum
975 4619 1082 4674 videtur
1101 4633 1173 4686 esse,
1193 4621 1245 4674 nisi
1264 4619 1293 4674 ut
1311 4618 1392 4673 buius
1415 4605 1604 4698 posteriorem.

315 4703 464 4758 editionem
482 4702 586 4759 iontem
605 4702 692 4760 luisse
710 4705 879 4761 concludam.
