3544 5320
841 432 1018 491 ...⁶20-

379 638 469 706 Idem
494 638 643 723 sequitur
667 657 708 705 ex
730 637 796 705 alio
821 636 991 704 Hortensii
1014 637 1213 722 lragmento,
1245 636 1337 723 quod
1362 657 1381 705 a
1405 637 1575 722 Dielsi01)

287 747 456 831 repertum
484 747 536 812 est
564 743 653 830 apud
681 744 871 812 Boethium.
933 743 996 810 llic
1025 744 1058 810 iu
1088 743 1251 812 dillerent.
1274 746 1343 831 top.
1368 743 1433 827 (ed.
1458 744 1566 831 Mign.

289 854 371 940 tom.
388 851 421 919 ll.
440 869 518 938 pag.
539 852 636 938 1187)
666 854 816 918 testatur:
841 900 860 932 „
877 903 885 919 .
904 901 911 917 .
929 853 965 917 ut
988 851 1016 917 si
1047 851 1123 936 quis
1151 855 1297 936 quaerat,
1327 853 1435 917 utrum
1459 852 1571 936 philo·

290 957 431 1043 sophiae
454 958 657 1026 studendum
683 958 735 1038 sit,
757 956 817 1024 erit
843 958 1087 1043 argumentatio
1111 957 1201 1025 talis:
1226 957 1443 1045 philosophia
1460 977 1575 1027 amor

289 1065 519 1151 sapientiae
542 1068 602 1146 est,
626 1065 704 1133 huic
726 1063 929 1133 studendum
953 1082 1055 1132 nemo
1079 1064 1218 1144 dubitat,
1243 1064 1446 1132 studendum
1469 1065 1576 1151 igitur

289 1176 341 1239 est
364 1171 600 1258 philosophiae
624 1222 632 1236 .
656 1224 664 1241 .
690 1221 698 1238 .
723 1189 792 1256 quo
818 1171 878 1258 (sc.
896 1171 1109 1258 argumento)
1132 1169 1262 1239 Tullius
1285 1172 1385 1239 etiam
1410 1172 1444 1238 in
1469 1171 1571 1240 llor-

289 1280 421 1347 tensio
445 1279 480 1347 in
504 1278 654 1347 eiusdem
680 1279 917 1366 philosophiae
940 1294 1022 1345 usus
1046 1281 1095 1345 est
1118 1277 1348 1348 defensione.“

377 1404 556 1472 Distinctio
573 1402 810 1490 philosophiae
827 1405 860 1470 et
875 1402 1082 1488 philocaliae,
1107 1420 1194 1488 quae
1215 1404 1367 1489 sequitur
1381 1422 1408 1472 c.
1425 1404 1482 1472 Ac.
1501 1403 1551 1470 117
1558 1420 1572 1470 :1

289 1510 493 1593 „Philocalia
518 1511 580 1589 ista
603 1511 724 1596 vulgo
749 1510 881 1578 dicitur:
906 1529 950 1576 ne
966 1513 1162 1577 contemnas
1179 1528 1304 1577 nomen
1321 1511 1386 1579 hoc
1400 1528 1441 1577 ex
1455 1511 1520 1578 vul
1527 1511 1566 1597 gi

288 1619 444 1699 nomine;
468 1637 546 1685 nam
571 1617 749 1703 philocalia
778 1621 810 1684 et
834 1617 1049 1702 philosophia
1081 1634 1187 1702 prope
1215 1616 1365 1684 similiter
1391 1619 1573 1703 cognomi·-

288 1729 387 1793 natae
419 1729 498 1793 sunt
518 1776 525 1793 .
545 1777 551 1792 .
570 1775 577 1792 .
596 1747 619 1806 .;
655 1723 715 1792 sed
743 1724 798 1792 illa
826 1725 917 1792 visco
954 1723 1102 1791 libidinis
1130 1723 1274 1792 detracta
1308 1725 1402 1793 caelo
1438 1743 1501 1793 suo
1534 1728 1570 1792 et

289 1833 443 1900 inclusa
476 1850 595 1900 cavea
626 1832 829 1918 populari,
864 1831 1019 1899 viciniam
1048 1834 1162 1898 tamen
1191 1830 1339 1899 nominis
1367 1833 1487 1912 tenuit,
1523 1832 1566 1899 ad

288 1923 575 2008 commonendum
592 1957 768 2025 aucupem,
788 1958 830 2006 ne
847 1957 884 2006 se
898 1942 1124 2018 contemnat‘,
1148 1938 1245 2004 cuius
1261 1939 1404 2006 auctoris
1426 1939 1477 2018 sit,
1501 1939 1570 2006 lor·-

287 2049 377 2114 tasse
405 2046 622 2134 perspiciatur
649 2064 691 2113 ex
712 2047 872 2113 lactantii
901 2045 1108 2115 lnst.11125:
1153 2044 1336 2125 „Summus
1365 2046 1419 2113 ille
1454 2049 1570 2114 noster

287 2153 467 2221 Platonis
506 2153 683 2221 imitator
720 2153 918 2221 existimavit
956 2152 1206 2240 philosophiam
1253 2171 1322 2220 non
1368 2171 1444 2221 esse
1478 2155 1571 2221 vul--

287 2279 420 2346 garem
536 2258 592 2327 Ob
617 2279 691 2327 eam
715 2279 852 2328 causam
875 2259 1005 2327 Tullius
1028 2260 1073 2328 ait
1101 2260 1277 2327 abhorrere
1307 2279 1326 2326 a
1354 2259 1572 2328 multitudine

288 2366 573 2452 philosophiam.“
619 2366 798 2453 Augustini
822 2367 912 2434 enim
936 2366 1043 2453 ipsius
1067 2366 1240 2452 opinione,
1268 2386 1343 2435 cum
1369 2367 1567 2452 philocaliae

288 2473 475 2554 „detractae
501 2475 595 2541 caelo
623 2492 686 2541 suo
721 2478 754 2542 et
777 2474 930 2564 inclusae
966 2492 1065 2541 cavea
1100 2473 1277 2559 populari“
1313 2475 1567 2560 philosophiam

287 2585 449 2666 opponat,
474 2598 561 2667 quae
589 2580 713 2662 „libere
736 2582 901 2648 volitaus“
931 2581 1065 2648 alteram
1090 2581 1184 2661 „sine
1213 2581 1335 2668 pennis
1359 2582 1563 2649 sordidatam

287 2706 390 2774 saepe
429 2689 592 2774 agnoscit,
626 2687 686 2755 sed
721 2706 793 2756 raro
828 2688 977 2774 liberal“‚
1015 2687 1198 2755 dilucidum
1237 2692 1287 2755 est
1325 2688 1467 2756 alienam
1491 2707 1573 2757 esse

286 2795 538 2880 philosophiam
568 2814 587 2862 a
615 2794 836 2863 mullitudine.
893 2794 1025 2862 Deinde
1052 2794 1223 2862 fortuitum
1253 2814 1328 2862 esse
1355 2814 1426 2862 non
1455 2787 1576 2882 potest

287 2900 388 2988 paulo
428 2906 505 2988 post
539 2920 615 2969 eum
651 2903 779 2983 locum,
818 2919 887 2988 quo
921 2901 1147 2987 Augustinum
1182 2901 1332 2970 Platonis
1367 2903 1565 2971 imitatorem

286 3009 509 3093 cognovimus
533 3008 631 3096 (116),
661 3008 805 3076 similem
835 3008 1004 3095 quandam
1030 3009 1230 3076 sententiam
1265 3010 1430 3076 enuntiari
1464 3013 1572 3096 atque

287 3133 306 3181 a
330 3116 500 3183 Lactantio
525 3116 693 3202 propriam
718 3115 872 3184 Ciceroni
896 3115 1128 3202 significatam,
1164 3133 1265 3202 quem
1295 3135 1464 3183 summum
1490 3135 1571 3183 esse

286 3221 436 3288 Platonis
459 3223 657 3291 imitatorem
682 3223 736 3289 ille
754 3222 874 3290 eodem
897 3223 973 3290 loco
991 3222 1078 3290 dicit.
1125 3223 1238 3308 ltaque
1253 3226 1378 3291 certum
1395 3223 1565 3309 quendam

286 3329 397 3396 locum
422 3327 594 3396 Ciceronis
618 3347 693 3396 cum
718 3329 908 3397 Lactantius
933 3330 967 3396 in
991 3331 1105 3396 animo
1128 3330 1259 3411 habeat,
1293 3330 1358 3396 nisi
1383 3330 1458 3416 quis
1487 3348 1568 3397 eum.

287 3436 321 3501 in
356 3437 472 3504 ceteris
508 3435 658 3504 eiusdem
694 3435 786 3502 libris
821 3436 862 3503 de
898 3437 1113 3522 philosophia
1149 3437 1286 3503 servatis
1321 3437 1492 3516 invenerit,
1531 3437 1565 3502 in

287 3541 468 3610 Hortensio
492 3544 619 3610 amisso
639 3543 777 3609 Platone
801 3546 935 3610 auctore
958 3543 1051 3610 illum
1076 3543 1118 3610 de
1142 3543 1358 3630 philosophia
1381 3544 1437 3610 tali
1462 3543 1567 3610 modo

286 3648 462 3729 iudicasse,
488 3669 588 3736 quem
618 3651 729 3736 ipsum
753 3649 961 3736 Augustinus
986 3670 1013 3718 c.
1033 3649 1090 3718 Ac.
1115 3650 1176 3718 117
1199 3653 1332 3718 secutus
1357 3650 1408 3730 sit,
1434 3651 1503 3717 iure
1527 3667 1572 3716 ac

286 3757 404 3823 merito
427 3757 589 3842 suspicari
614 3757 698 3824 licet.
893 3743 896 3750 ’

374 3879 594 3967 Inspiciamus
610 3881 811 3949 nuncvelim
829 3882 1068 3967 explicationes
1085 3882 1258 3963 c.hc.117,
1276 3901 1363 3969 quae
1375 3882 1571 3949 interiectae

285 3990 364 4054 sunt
387 3989 472 4055 inter
494 3989 567 4055 illas
592 3987 682 4074 (pag.
703 3988 757 4075 18)
774 3988 874 4054 Tullii
897 3990 1023 4056 similes
1047 3991 1258 4057 constitutas:
1284 3988 1492 4071 „Quomodo
1517 3988 1568 4055 ibi

284 4097 317 4161 te
351 4096 523 4181 cognitum
562 4095 647 4162 sicut
679 4113 794 4162 verum
829 4096 959 4163 tratrem
1000 4097 1287 4183 amplectereturl“
1353 4096 1427 4164 Hoc
1472 4095 1568 4163 enim

285 4203 440 4288 exemplo
468 4202 518 4269 vis
547 4203 782 4289 philosophiae
824 4203 1026 4290 exprimitur,
1056 4222 1121 4290 qua
1151 4203 1321 4283 efficiatur,
1362 4207 1397 4270 ut
1428 4205 1462 4270 in
1491 4203 1568 4289 ipsa

284 4309 449 4391 viventeS,
486 4310 640 4396 quamvis
674 4328 744 4377 non
779 4310 845 4378 sint
872 4315 1008 4378 naturae
1036 4311 1171 4378 vinculo
1208 4311 1291 4376 inter
1319 4329 1356 4377 se
1384 4309 1564 4389 coniuncti,

284 4419 397 4484 tamen
432 4417 528 4502 quasi
563 4435 659 4485 veros
693 4417 807 4484 iratres
843 4435 880 4485 se
913 4417 1183 4503 complectantur.
1230 4418 1285 4484 llla
1314 4420 1424 4484 autem
1452 4417 1565 4502 verba,

286 4541 373 4608 quae
396 4527 547 4609 spectent
563 4525 746 4592 Licentium
769 4528 801 4591 et
817 4523 1076 4608 Romanianum
1100 4543 1258 4610 magnam
1276 4525 1437 4610 praebent
1457 4523 1569 4589 olien-

283 4629 425 4710 sionem,
451 4648 525 4697 cum
550 4630 716 4697 Licentius
739 4631 830 4697 iilius
851 4631 1050 4704 Romaniani
1073 4631 1125 4711 sit,
1150 4649 1237 4716 quae
1262 4631 1404 4697 societas
1428 4632 1570 4696 naturae

372 4842 394 4912 1)
414 4859 475 4914 pag.
490 4841 551 4898 486.
