3544 5320
805 347 981 408 ...24-

256 551 343 621 cedit
377 551 432 618 hic
465 551 527 619 ita:
570 551 624 628 „si
660 552 801 623 inveniri
830 553 967 639 sapiens
995 553 1129 639 qualem
1159 555 1243 623 ratio
1272 555 1392 640 prodit,
1417 556 1535 640 queat:

257 660 368 744 potest
401 658 484 725 mihi
518 658 623 725 videri
651 661 735 729 scire
770 659 1000 747 sapientiam.“
1055 659 1154 728 Unde
1183 662 1334 748 sequitur
1361 680 1450 740 eum,
1475 661 1533 748 qui

255 765 456 852 sapientiam
497 766 589 846 sciat,
624 784 694 834 non
729 767 811 835 nihil
846 767 939 835 scire.
981 767 1051 854 (10)
1075 767 1189 853 ltaque
1224 768 1267 835 ad
1302 767 1536 836 defendendos

254 871 485 953 Academicos,
499 872 567 958 qui,
582 891 657 940 cum
671 891 773 942 nemo
788 874 871 942 ialsa
887 875 979 955 sciat,
992 875 1026 941 in
1043 875 1216 943 hominem
1232 875 1403 943 scientiam
1417 875 1534 942 cadere

256 996 358 1066 posse
381 982 516 1064 negant,
543 980 779 1050 tantummodo
808 984 917 1062 restat,
953 983 988 1048 ut
1022 985 1080 1049 aut
1113 982 1196 1049 nihil
1229 1000 1303 1050 esse
1335 981 1533 1068 sapientiam

256 1089 314 1153 aut
335 1085 435 1154 talem
459 1087 645 1172 sapientem
669 1087 713 1154 ab
737 1089 786 1155 eis
810 1087 953 1156 describi
977 1089 1162 1174 colligatur,
1193 1089 1328 1175 qualem
1352 1088 1435 1156 ratio
1465 1105 1534 1154 non

256 1192 387 1260 habeat.
434 1193 469 1276 b)
497 1193 586 1261 Talis
616 1194 763 1282 sapiens,
792 1195 852 1282 qui
880 1213 994 1263 verum
1022 1196 1093 1274 scit,
1122 1195 1156 1262 in
1186 1196 1249 1263 hac
1271 1199 1355 1263 terra
1378 1212 1448 1262 non
1473 1197 1532 1261 est.

256 1300 326 1384 (11)
339 1299 428 1387 Ergo
441 1299 660 1394 Augustinus,
674 1302 826 1387 possitne
840 1302 915 1369 talis
931 1302 1068 1388 sapiens
1081 1302 1234 1383 inveniri,
1246 1301 1383 1388 quaerit.
1407 1301 1534 1369 Tamen

256 1405 464 1474 adversarius
492 1408 632 1475 occunit
655 1405 875 1477 Academicos
898 1408 1032 1490 habere,
1067 1427 1136 1494 quo
1160 1427 1197 1476 se
1231 1408 1423 1490 defendant,
1458 1426 1534 1476 cum

256 1512 300 1582 de
333 1514 409 1600 ipso
445 1514 528 1581 nihil
562 1515 780 1602 percipiendo
819 1519 908 1583 certo
937 1534 1007 1584 non
1036 1515 1228 1596 diiudicent,
1264 1514 1325 1584 sed
1361 1516 1475 1601 potius
1497 1533 1536 1584 se

255 1621 461 1701 contineant,
496 1621 666 1689 veritatem
706 1625 816 1690 autern
856 1623 963 1710 ipsam
1000 1641 1019 1690 a
1055 1623 1120 1691 deo
1156 1623 1231 1691 solo
1267 1622 1397 1690 homini
1433 1640 1536 1709 posse

258 1726 402 1794 ostendi.
449 1727 519 1814 (12)
542 1728 619 1811 Qua
642 1729 752 1817 Alypii
777 1730 1001 1798 concessione
1024 1733 1201 1797 contentus
1222 1728 1431 1796 adversarius
1459 1746 1536 1815 pro·

258 1834 388 1901 nuntiat
423 1833 499 1902 illos
544 1854 597 1916 eo,
627 1836 720 1922 quod
748 1855 791 1904 ne
820 1838 887 1905 hoc
915 1837 1063 1923 quidem,
1087 1835 1170 1903 nihil
1192 1836 1278 1915 sciri,
1302 1836 1477 1914 aiiirment,
1501 1838 1537 1903 ut

257 1941 399 2008 victores
428 1941 504 2022 sint,
529 1960 605 2010 esse
629 1943 744 2024 victos,
768 1961 843 2012 cum
869 1961 1039 2011 summurn
1064 1943 1215 2028 ipsorum
1240 1942 1408 2010 decretum
1432 1941 1535 2009 incer·

258 2051 329 2114 turn
367 2047 434 2115 liat.
480 2047 659 2135 Reliquum
695 2053 754 2131 est,
794 2049 888 2136 quod
922 2049 1174 2118 assentiendum
1209 2067 1280 2117 non
1315 2066 1391 2116 esse
1424 2065 1538 2144 neque

257 2173 338 2224 vero
372 2155 511 2237 veritati,
551 2173 651 2240 quam
681 2175 783 2242 posse
815 2156 955 2224 inveniri
985 2160 1120 2242 negant,
1150 2155 1272 2223 dicunt.
1324 2154 1393 2240 (13)
1417 2154 1535 2222 lterum

259 2262 465 2349 approbatur
485 2278 585 2348 supra
619 2281 829 2345 concessum,
858 2283 878 2331 a
906 2264 971 2331 deo
1005 2263 1080 2330 solo
1114 2281 1229 2330 verum
1259 2279 1362 2348 posse
1391 2260 1536 2329 ostendi.

347 2387 418 2473 (14)
455 2387 588 2456 Deinde
616 2388 700 2455 duas
729 2388 946 2474 quaestiones
970 2386 1180 2473 Augustinus
1216 2386 1388 2473 proponit:
1417 2384 1537 2453 Paucis

257 2495 372 2560 contra
407 2512 467 2561 eos
499 2493 700 2562 disserturus
729 2498 789 2575 est,
828 2495 972 2581 ,quibus
997 2494 1152 2562 videntur
1183 2493 1429 2580 disputationes
1461 2493 1537 2560 illae

259 2598 300 2686 (c.
329 2598 387 2667 Ac.
408 2600 444 2667 111
474 2601 597 2687 5-13)
625 2603 792 2669 adversari
823 2601 981 2681 veritati,“
1016 2600 1138 2668 deinde
1176 2618 1282 2686 „quae
1317 2616 1417 2667 causa
1440 2598 1538 2666 tuerit

258 2705 466 2774 Academicis
512 2707 731 2776 occultandae
776 2709 960 2775 sententiae
1007 2714 1119 2775 suae.“
1182 2706 1250 2776 Sed
1289 2705 1536 2792 praelusionem

258 2815 448 2900 praemittit.

349 2923 381 3004 a)
409 2921 461 2988 De
484 2921 591 3008 gloria
614 2920 890 2990 Academicorum
926 2919 1097 3008 (16-18).

352 3028 401 3094 16.
431 3027 476 3095 Hi
508 3032 684 3114 propterea
718 3031 891 3114 tantopere
914 3028 1106 3114 gloriantur,
1136 3026 1228 3114 quod
1257 3045 1372 3094 eorum
1402 3026 1538 3111 sapiens

259 3135 303 3202 ab
316 3136 476 3202 omnibus
489 3138 671 3203 ceterarum
684 3138 849 3203 sectarum
862 3136 1070 3222 sapientibus
1083 3133 1353 3221 sapientissimus
1366 3133 1537 3201 iudicatur.

352 3242 403 3309 17.
435 3241 499 3309 Hic
520 3245 633 3310 tamen
657 3243 700 3310 ab
724 3243 777 3310 his
801 3243 960 3310 omnihus
984 3241 1148 3322 illudetur,
1184 3258 1260 3308 cum
1285 3239 1426 3327 quilibet
1452 3239 1539 3308 alius

262 3349 344 3417 nihil
368 3348 529 3428 didicerit,
554 3350 616 3416 iste
641 3359 753 3416 autem
778 3353 925 3436 nequeat
940 3350 1122 3435 quicquam
1139 3348 1275 3415 discere.
1321 3346 1442 3433 Neque
1458 3365 1537 3414 vero

262 3458 337 3537 hoc,
373 3455 467 3542 quod
501 3455 608 3542 gloria
640 3456 775 3543 gaudet,
810 3456 963 3542 superior
994 3455 1095 3522 stulto
1130 3457 1190 3535 est,
1225 3454 1367 3521 tortasse
1393 3452 1537 3520 inierior.

259 3564 331 3646 (18)
361 3564 396 3631 ln
419 3563 571 3631 Platonis
594 3567 704 3631 autern
728 3563 844 3631 schola
867 3580 937 3629 non
961 3561 1004 3629 de
1028 3561 1083 3628 illa
1107 3559 1167 3628 sed
1190 3559 1315 3627 devita
1339 3563 1371 3627 et
1386 3560 1539 3627 moribus

260 3672 380 3757 agitur.
675 3685 677 3687 ·

349 3778 383 3860 b)
412 3776 571 3861 (19-36)
598 3776 716 3845 Sermo
740 3777 881 3844 habetur
903 3778 1018 3844 contra
1046 3791 1115 3852 eos,
1145 3773 1270 3860 quibus
1294 3772 1539 3860 disputationes

257 3903 287 3951 c.
301 3882 340 3951 A.
352 3883 509 3951 1115-13
521 3883 650 3951 veritati
662 3883 827 3951 adversari
840 3881 1003 3950 videntur.
1021 3879 1091 3967 (19)
1103 3879 1305 3960 Academici,
1318 3897 1393 3947 cum
1407 3897 1443 3946 se
1456 3880 1539 3946 nihil

259 3992 344 4058 scire
370 3989 492 4071 dicant,
521 3989 614 4077 quod
642 4008 661 4057 e
690 3989 839 4057 Zenonis
868 3988 1065 4056 delinitione
1093 3986 1326 4066 concluserint,
1359 3987 1539 4054 absurdius

261 4101 367 4183 agunt
390 4115 491 4183 quam
517 4099 575 4185 qui
599 4097 765 4164 aiiirment
780 4096 911 4163 homini
928 4095 1127 4181 sapientiam
1145 4111 1214 4161 non
1231 4110 1335 4178 posse
1351 4093 1537 4179 obtingere,

261 4205 342 4272 dum
382 4205 417 4272 in
451 4205 517 4272 hoe
550 4222 690 4290 corpore
724 4204 823 4270 vivat.
871 4201 941 4288 (20)
983 4200 1062 4283 Qua
1096 4201 1271 4280 sententia,
1315 4200 1344 4266 si
1378 4202 1539 4280 teneatur,

263 4312 417 4398 quamvis
440 4311 595 4380 homines
612 4312 799 4378 avertantur
814 4326 833 4375 a
850 4307 1137 4393 philosophando,
1162 4309 1250 4375 certe
1266 4325 1336 4374 non
1351 4309 1419 4374 tam
1437 4324 1538 4393 quam

262 4420 317 4486 illa
341 4418 524 4505 superiore,
552 4436 630 4503 qua,
658 4435 734 4485 cum
759 4415 997 4501 philosophiae
1021 4413 1188 4492 studeant,
1212 4416 1324 4480 tamen
1349 4413 1431 4480 nihil
1455 4413 1540 4482 scire

263 4528 435 4611 cogantur.
482 4525 551 4608 (21)
582 4524 632 4591 Ex
647 4523 795 4590 Zenonis
819 4521 1016 4589 definitione
1033 4516 1248 4588 'concluditur
1268 4538 1338 4589 non
1365 4519 1449 4587 nihil
1465 4520 1540 4587 sciri

263 4651 364 4719 posse
389 4651 531 4718 eamque
555 4632 664 4717 ipsam
687 4648 799 4698 veram
824 4646 909 4696 esse.
956 4627 1027 4714 (22)
1053 4626 1264 4713 Augustinus
1287 4627 1480 4713 pronuntiat
1502 4644 1540 4694 se

263 4742 407 4827 primum
432 4757 531 4826 agere
554 4737 597 4805 de
621 4735 835 4823 percipiendo
859 4733 1021 4822 velletor),
1046 4733 1169 4802 deinde
1185 4733 1228 4802 de
1245 4733 1466 4802 adsentiendo
1483 4733 1539 4820 (β).
