3544 5320
927 1229 952 1310 Ι.

303 1455 307 1464 ’
356 1499 359 1508 .
390 1446 468 1527 lam,
502 1465 578 1514 cum
607 1445 649 1512 ad
683 1445 826 1531 priorem
856 1442 982 1530 partem
1017 1442 1252 1529 disputationis
1284 1443 1452 1521 accedam,
1484 1439 1581 1512 liceat

300 1553 381 1621 mihi
398 1552 514 1638 paucis
530 1553 707 1640 complecti
724 1571 774 1632 ea,
791 1569 878 1638 quae
894 1552 937 1619 ab
954 1549 1151 1619 Ohlmanno
1168 1563 1246 1636 pag.
1263 1549 1395 1616 282-49
1411 1549 1578 1636 deprimo

300 1663 415 1728 contra
436 1659 495 1728 Ac.
512 1660 597 1728 libro
622 1658 726 1728 evicta
750 1676 825 1726 esse
849 1657 977 1726 iudico:

385 1766 524 1834 Materia
548 1767 602 1835 hic
624 1766 885 1850 tractatalonge
909 1783 928 1831 a
952 1764 1045 1832 libris
1069 1764 1182 1831 contra
1200 1762 1259 1831 Ac.
1283 1762 1317 1830 ll.
1343 1766 1375 1830 et
1400 1762 1447 1830 111.
1472 1781 1573 1850 prop-

300 1876 388 1941 terea
423 1873 533 1968 distat,
569 1872 662 1959 quod
697 1873 731 1940 in
767 1872 819 1939 his
853 1889 986 1938 summa
1019 1869 1227 1957 quaestionis
1263 1870 1432 1949 deliberat,
1469 1873 1577 1937 utrum

299 1981 470 2068 percipere
504 1980 615 2066 possit
650 1979 787 2064 sapiens
821 1979 992 2046 veritatem
1023 1996 1066 2044 an
1095 1995 1180 2058 non,
1216 1977 1282 2046 illic
1316 1977 1452 2045 devita
1480 1978 1581 2044 beata

300 2084 450 2173 agilurl).
497 2085 697 2154 Sermonum
724 2085 799 2153 libri
826 2085 849 2153 l.
874 2085 931 2172 qui
955 2085 1080 2171 primas
1108 2087 1219 2171 partes
1242 2087 1362 2170 agunt,
1386 2082 1579 2171 Trygetium

299 2197 332 2262 et
354 2194 553 2274 Licentium,
582 2191 765 2261 admodum
795 2191 1080 2272 adulescentulos,
1105 2189 1286 2276 primordia
1313 2193 1442 2258 tantum
1471 2191 1582 2277 philo·

299 2302 441 2386 sophiae
465 2318 567 2369 nosse
591 2318 703 2387 neque
726 2299 769 2367 ad
786 2299 869 2366 illud
888 2303 1022 2384 tempus
1043 2296 1216 2366 Ciceronis
1230 2296 1431 2366 Academica
1455 2297 1579 2383 legisse

299 2411 436 2496 apparet
458 2411 500 2476 'ex
521 2407 559 2475 14
583 2410 615 2474 el
638 2406 711 2476 1117
738 2409 772 2474 et
793 2405 893 2474 11115.
939 2405 1031 2491 Ergo
1058 2423 1134 2473 cum
1158 2403 1368 2490 Augustinus
1392 2403 1479 2472 duos
1511 2404 1578 2471 dis·

299 2516 440 2602 cipulos,
465 2515 523 2601 qui
543 2513 760 2582 Hortensium
784 2511 958 2581 Ciceronis
983 2511 1133 2598 legerint,
1157 2511 1191 2578 in
1213 2511 1443 2597 disputatione
1467 2513 1580 2578 contra
1680 2601 1682 2604 Ι

298 2620 520 2692 Academicos
545 2621 637 2689 libris
660 2620 695 2689 11
714 2623 746 2688 et
767 2618 815 2688 111.
840 2619 953 2687 habita
977 2637 996 2686 a
1018 2619 1168 2705 principe
1190 2619 1266 2686 loco
1290 2617 1444 2685 recedere
1468 2618 1583 2685 iubeat

298 2733 330 2798 et
345 2729 469 2818 Alypio
493 2747 610 2797 eorum
635 2729 745 2815 partes
768 2726 915 2807 mandet,
940 2725 1090 2811 sequitur
1117 2743 1167 2806 ea,
1196 2742 1283 2811 quae
1311 2724 1357 2792 illi
1388 2724 1422 2792 in
1447 2725 1534 2792 libro
1558 2724 1582 2791 l.

299 2839 382 2906 inter
411 2854 448 2904 se
477 2836 662 2921 disputant,
697 2852 773 2902 esse
803 2836 938 2919 sumpta
966 2850 1007 2900 ex
1037 2831 1273 2917 philosophiae
1301 2834 1393 2918 parte
1421 2832 1470 2899 eis
1499 2834 1580 2899 nola

299 2962 410 3032 neque
433 2961 513 3011 vero
538 2961 579 3010 ex
600 2941 822 3010 Academicis.
869 2939 928 3008 Sin
953 2939 1046 3027 ipsas
1067 2936 1418 3006 contraAcademicos
1435 2938 1590 3024 explica,

299 3051 420 3130 tiones,
442 3067 530 3137 quae
546 3049 721 3116 ordiuntur
735 3068 754 3117 a
771 3047 845 3115 libri
861 3046 957 3128 1111,
981 3046 1173 3132 perlegeris,
1197 3046 1307 3132 magis
1323 3045 1500 3131 magisque
1519 3045 1580 3112 tibi

299 3157 518 3244 persuadebis
542 3175 600 3225 eas
624 3174 776 3243 pugnare
800 3156 915 3222 contra
943 3152 1118 3221 Ciceronis
1142 3151 1352 3233 Academica,
1381 3157 1417 3218 ut
1439 3151 1582 3220 demon·

298 3267 418 3333 stratur
446 3283 474 3332 c.
491 3263 550 3331 Ac.
571 3263 670 3345 11114;
698 3262 753 3344 15;
781 3261 839 3343 15;
868 3261 1006 3336 Retract.
1024 3259 1106 3343 142).
1152 3259 1222 3327 Etsi
1250 3260 1403 3327 enimin
1431 3259 1517 3326 libro
1542 3258 1577 3325 ll.

300 3370 473 3440 Ciceronis
504 3369 704 3438 Academica
738 3369 906 3455 expressis
944 3368 1055 3435 verbis
1093 3384 1164 3434 non
1204 3367 1429 3446 nominantur,
1467 3368 1581 3433 tamen

298 3478 372 3546 libri
395 3478 429 3546 ll.
454 3481 486 3546 et
509 3477 555 3545 111.
580 3477 682 3545 artius
705 3478 790 3544 inter
813 3495 850 3544 se
866 3471 1088 3562 cohaerere),
1112 3491 1189 3541 cum
1210 3473 1316 3541 tribus
1332 3473 1453 3541 diebus
1470 3488 1507 3539 se
1530 3472 1582 3538 in·

297 3585 404 3654 vicem
425 3585 670 3671 excipientibus
691 3585 822 3653 illorum
844 3583 1090 3668 disputationes
1110 3580 1246 3648 habitae
1269 3581 1346 3660 sint,
1370 3581 1455 3648 inter
1477 3579 1581 3647 libros

299 3695 410 3761 autem
435 3692 456 3759 l.
480 3694 514 3760 et
537 3690 571 3760 ll.
597 3694 725 3777 septem
751 3690 824 3758 dies
852 3688 1050 3775 interpositi,
1074 3690 1111 3755 ut
1133 3687 1315 3756 declaratur
1338 3705 1365 3754 c.
1382 3686 1579 3768 Ac.1110⁴)·

298 3798 433 3866 Librum
458 3816 485 3865 c.
501 3795 559 3866 Ac.
577 3798 721 3884 primum
746 3815 787 3864 ex
810 3794 982 3865 Ciceronis
1004 3794 1214 3863 Academicis
1238 3793 1438 3879 profluxisse
1463 3792 1514 3859 vel
1537 3809 1580 3859 eo

298 3905 472 3994 probabile
511 3923 581 3972 non
616 3906 680 3985 est,
719 3903 811 3989 quod
845 3902 1058 3989 Augustinus
1096 3901 1131 3968 in
1166 3900 1371 3986 argumentis
1405 3897 1580 3966 Ciceronis

299 4012 487 4081 relellendis
515 4029 558 4079 ne
587 4029 691 4079 unum
721 4009 858 4098 quidem
887 4009 1076 4097 perstrinxit
1104 4025 1236 4090 eorum,
1266 4006 1388 4092 quibus
1413 4004 1583 4072 Licentius

301 4121 334 4188 in
358 4115 444 4188 libro
468 4119 490 4187 l.
514 4137 596 4186 usus
618 4119 722 4186 victor
745 4116 942 4201 discessitt).
982 4115 1024 4183 At
1047 4118 1160 4186 tamen
1182 4113 1278 4200 ,idem
1303 4111 1475 4180 Ciceronis
1504 4129 1580 4179 auc·

300 4228 430 4296 toritate
460 4227 493 4294 in
523 4244 584 4293 sua
619 4225 783 4294 sententia
811 4223 1012 4309 exponenda
1039 4222 1152 4290 nititur
1178 4238 1205 4287 c.
1222 4219 1279 4287 Ac.
1300 4219 1311 4286 1
1333 4218 1369 4285 7:
1394 4217 1509 4300 „Quid
1538 4216 1583 4284 de

385 4440 408 4506 1)
430 4439 579 4504 Ohlmann,
598 4453 660 4509 pag.
672 4437 716 4493 29.

387 4530 409 4598 ²)
430 4529 467 4585 id.
480 4544 543 4601 pag.
557 4528 601 4584 28.

386 4621 409 4682 ³)
428 4619 481 4674 hoc
499 4619 631 4689 imprimis
650 4631 684 4672 ex
702 4617 784 4672 altera
803 4618 878 4686 parle
897 4617 1006 4670 nostrae
1025 4613 1192 4683 quaestionis
1210 4614 1330 4683 apparet.

385 4709 409 4776 ⁴)
429 4707 467 4764 id.
480 4722 546 4779 pag.
559 4705 674 4762 20-22.

385 4799 409 4869 5)
427 4798 463 4853 id.
476 4812 539 4869 pag.
552 4795 587 4851 29
606 4811 656 4866 sq.
