3544 5320
744 385 920 444 ..31-

191 590 318 674 quibus
330 589 406 657 talis
419 589 665 674 argumentatio
678 587 863 669 revincitur,
877 589 910 657 id
924 592 983 670 est,
997 607 1083 675 quae
1096 589 1232 674 quidem
1246 591 1280 658 in
1292 591 1335 675 §§
1347 591 1390 657 24
1401 609 1475 676 sqq.

195 695 268 764 libri
292 695 483 780 llexcepta
501 697 710 782 paragrapho
731 696 774 763 27
791 695 942 764 Tulliana
966 711 1041 764 esse
1064 697 1324 765 intellexerimus
1334 699 1369 781 1),
1394 701 1424 766 el
1440 698 1477 766 lll

191 802 326 869 37-40
349 805 381 870 et
403 802 626 888 fragmentum
651 799 687 870 llI
710 802 753 869 43
777 801 950 872 Ciceronis
973 804 1231 888 responsionem
1252 806 1326 872 libri
1343 802 1379 872 ll.
1401 823 1476 879 esse

191 910 402 995 complexam
433 911 697 977 consentaneum
726 913 785 976 est.
831 908 939 978 Aliam
968 911 1074 978 tuisse
1098 912 1217 979 seriem
1248 930 1357 980 rerum
1386 913 1477 999 apud

193 1015 391 1084 Ciceronem
424 1019 524 1101 atque
556 1015 646 1101 apud
673 1015 900 1102 Augustinum
932 1017 1033 1084 huius
1063 1018 1164 1085 verba
1196 1019 1270 1104 ipsa
1305 1005 1477 1089 testantur.

193 1122 325 1190 Etenim
350 1125 532 1207 postquam
549 1121 771 1190 Academicos
791 1123 998 1200 ,verisimili“
1026 1127 1057 1191 et
1081 1126 1284 1210 ,probabili‘¹
1302 1127 1478 1194 vocabulis

193 1247 276 1296 usos
300 1246 376 1296 esse
401 1229 618 1296 occultandae
641 1231 769 1296 tantum
794 1247 875 1296 suae
900 1231 1084 1298 sententiae
1108 1249 1208 1299 causa
1229 1230 1262 1299 in
1279 1231 1362 1299 1124
1386 1233 1477 1312 dixit,

194 1336 302 1421 pergit
318 1335 388 1402 ita:
406 1332 460 1411 ,Si
486 1335 568 1419 quid
592 1339 642 1402 est
665 1339 788 1416 autem,
814 1336 904 1420 quod
930 1355 1020 1406 nunc
1036 1337 1294 1423 disputabimus,
1318 1340 1478 1407 adversus

194 1460 254 1510 eos
295 1443 369 1523 erit,
409 1442 467 1526 qui
506 1441 729 1510 Academicos
767 1443 952 1510 inventioni
990 1444 1135 1512 veritatis
1161 1445 1336 1513 adversos
1373 1446 1479 1514 luisse

195 1548 404 1616 crediderunt
422 1599 429 1614 .
447 1599 481 1615 ..
520 1549 619 1616 etiam
658 1553 773 1617 contra
813 1569 875 1618 eos
913 1551 1006 1636 ipsos
1044 1569 1113 1618 non
1152 1551 1276 1619 invitus
1315 1556 1478 1635 armabor,

196 1656 302 1722 si...
327 1674 367 1722 ex
391 1655 506 1723 animo
531 1655 597 1734 illa,
622 1673 709 1740 quae
734 1655 768 1724 in
792 1674 908 1723 eorum
933 1657 1027 1724 libris
1051 1657 1206 1742 legimus,
1223 1658 1477 1727 defenderunt‘.

195 1761 244 1828 Ex
267 1763 377 1829 verbis
407 1766 519 1829 autem
548 1763 622 1828 eius
650 1762 750 1845 §30:
788 1762 986 1845 „Quaeritur
1019 1781 1100 1849 ergo
1135 1763 1219 1832 inter
1255 1783 1331 1845 nos,
1369 1769 1477 1833 utrum

196 1869 328 1935 illorum
354 1869 560 1954 argumentis
585 1869 760 1954 probabile
789 1871 830 1936 sit
858 1871 942 1938 nihil
971 1871 1097 1955 percipi
1126 1887 1228 1957 posse
1258 1889 1296 1939 ac
1325 1873 1407 1939 nulli
1432 1873 1477 1940 rei

196 1993 271 2042 esse
306 1975 557 2043 assentiendum
583 2025 590 2042 .
613 2025 621 2042 .
644 1983 676 2042 .“
708 1976 752 2055 id,
791 1975 882 2059 quod
919 1977 1086 2062 posterius
1120 1977 1290 2063 agendum
1321 1979 1388 2046 illic
1415 1979 1479 2047 sibi

198 2082 383 2167 proposuit,
417 2082 471 2149 bic
498 2081 589 2167 prius
618 2100 695 2149 eum
729 2083 762 2149 in
790 2083 942 2168 proxima
972 2083 1197 2168 disputatione
1229 2087 1365 2152 tractare
1392 2087 1477 2152 velle

196 2188 360 2256 videmus.
401 2187 476 2255 Hoc
497 2189 591 2256 nullo
608 2189 675 2255 alio
697 2188 800 2256 modo
817 2189 882 2256 nisi
899 2208 952 2269 e0‚
977 2189 1068 2273 quod
1086 2193 1202 2257 auctor
1217 2208 1236 2257 a
1252 2190 1479 2276 dispositione

196 2295 298 2364 tontis
321 2295 464 2376 recessit,
489 2313 564 2363 mea
588 2295 724 2379 quidem
742 2296 906 2363 sententia
923 2297 1078 2381 explicari
1094 2299 1215 2382 potest.
1255 2295 1353 2378 Quae
1369 2299 1478 2382 qualis

197 2402 303 2482 luerit,
338 2402 478 2470 tortasse
506 2420 547 2468 ex
575 2402 671 2487 bis§
699 2403 738 2468 14
761 2403 835 2470 libri
864 2402 912 2470 lll.
943 2403 1053 2470 verbis
1086 2407 1320 2488 cognoscatur:
1364 2404 1478 2482 ,Prius

198 2528 305 2594 pauca
340 2512 455 2577 contra
484 2527 544 2576 eos
575 2508 749 2589 disseram,
781 2510 906 2593 quibus
937 2510 1091 2576 videntur
1121 2509 1367 2595 disputationes
1402 2511 1479 2579 illae

198 2616 403 2683 adversari
439 2616 609 2684 veritati.
656 2615 857 2684 Deinde..
894 2616 1082 2697 ostendam,
1121 2631 1208 2700 quae
1247 2635 1348 2685 causa
1382 2618 1480 2686 luerit

198 2722 407 2791 Academicis
436 2723 654 2790 occultandae
684 2724 868 2791 sententiae
897 2731 1008 2791 suae.“
1058 2723 1229 2792 Sententia
1253 2725 1355 2805 enim,
1391 2742 1479 2810 quae

201 2831 389 2897 continetur
413 2830 521 2914 priore
547 2829 731 2908 enuntiato,
771 2831 870 2915 plane
899 2831 1080 2916 respondet
1108 2831 1155 2897 illi
1183 2833 1204 2914 §
1227 2830 1280 2909 24,
1318 2849 1384 2915 qua
1408 2850 1479 2898 non

199 2935 351 3004 dissimili
387 2935 519 3003 dicendi
556 2937 660 3004 modo
692 2937 902 3022 Augustinus
935 2937 1083 3004 defendit
1114 2937 1344 3017 Academicos,
1385 2937 1479 3022 quod

200 3061 268 3110 non
296 3042 417 3109 luerint
453 3042 610 3109 adversi
646 3043 877 3110 inventioni
914 3044 1106 3111 veritatis.
1153 3044 1215 3110 llis
1244 3043 1344 3129 igitur
1367 3044 1478 3110 verbis

200 3149 242 3216 ad
281 3149 492 3234 propositum
531 3149 597 3217 illic
636 3149 817 3218 indicatum
856 3151 1025 3218 revertitur
1062 3153 1097 3219 et
1134 3150 1321 3236 §§15sqq.
1361 3151 1478 3218 iterum

200 3255 371 3342 digressus
396 3255 485 3323 idem
510 3256 544 3323 in
568 3257 611 3360 ἧς
630 3256 670 3323 19
694 3260 726 3324 et
749 3256 793 3323 20
816 3254 990 3342 peragit2).

288 3378 355 3448 Sed
379 3379 432 3446 cui
455 3378 730 3447 Academicorum
747 3380 822 3448 loco
842 3399 870 3448 c.
890 3380 947 3448 Ac.
964 3381 1135 3460 1112-13,
1160 3399 1247 3467 quae
1270 3380 1481 3466 Augustinus

201 3503 241 3553 ex
275 3487 332 3553 illo
373 3490 579 3554 commutato
619 3487 762 3556 consilio
800 3488 1013 3574 interposuit,
1053 3487 1231 3556 inserenda
1271 3489 1352 3568 sint,
1392 3503 1482 3555 nunc

201 3592 498 3661 demonstrandum
523 3593 622 3661 nobis
646 3597 706 3661 est.
752 3593 864 3676 Quam
889 3597 934 3663 ob
962 3614 1030 3662 rem
1060 3595 1244 3664 accuratius
1267 3596 1288 3679 §
1308 3594 1353 3662 20
1376 3595 1480 3679 inspi-

202 3700 338 3767 ciamus.
391 3701 463 3780 llic,
499 3701 592 3786 quod
621 3701 746 3768 ibidem
778 3701 871 3768 dicit:
914 3701 1009 3779 ,Non
1039 3701 1176 3787 quidem
1206 3701 1286 3768 dum
1315 3702 1369 3768 bic
1394 3701 1480 3768 vivis

201 3807 337 3891 sapiens
361 3808 425 3874 eris
450 3806 513 3893 (est
537 3809 626 3875 eninr
651 3808 742 3893 apud
764 3807 865 3875 deum
889 3809 1054 3894 sapientia
1074 3826 1136 3877 nec
1156 3809 1331 3894 provenire
1353 3808 1481 3874 bomini

202 3917 358 3998 potest)“,
382 3915 506 3982 talibus
522 3919 632 3982 autem
656 3913 766 3982 verbis
782 3914 1001 3984 Academicos
1017 3933 1086 3982 non
1104 3916 1262 3983 adversos
1278 3915 1382 3981 luisse
1398 3915 1482 3981 veri-

201 4022 277 4087 talis
297 4020 450 4103 declarat,
478 4020 601 4108 Alypio
625 4023 811 4103 assentitur,
839 4022 897 4106 qui
918 4023 952 4089 in
972 4022 1031 4106 §9
1054 4022 1232 4090 concessit:
1265 4019 1320 4098 ,Si
1341 4021 1481 4087 inveniri

203 4128 338 4213 sapiens
354 4128 488 4211 qualern
510 4129 591 4195 ratio
608 4128 728 4214 prodit,
755 4132 865 4214 queat,
887 4132 999 4214 potest
1020 4127 1101 4196 mihi
1121 4127 1225 4196 videri
1246 4128 1329 4196 scire
1350 4127 1482 4212 sapien·

200 4234 301 4301 tiam“
328 4237 360 4302 et
383 4233 416 4301 in
436 4235 457 4318 §
480 4235 515 4300 ll
542 4252 667 4303 numen
688 4234 826 4319 aliquod
846 4236 956 4303 solum
981 4253 1084 4322 posse
1104 4234 1232 4303 bomini
1253 4234 1482 4301 demonstrare

202 4341 373 4408 veritatem
398 4341 568 4426 protessus
594 4344 652 4409 est.
687 4341 744 4408 llla
768 4345 878 4409 autem
899 4341 1080 4428 Augustini
1100 4360 1176 4410 cum
1197 4340 1319 4427 Alypio
1340 4358 1482 4408 consen·

203 4447 313 4514 tientis
329 4447 492 4515 sententia
511 4451 718 4534 quantopere
739 4449 890 4528 cumeis,
916 4467 1002 4532 quae
1023 4450 1066 4532 §§
1080 4448 1124 4516 37
1142 4465 1216 4532 sqq.
1233 4447 1384 4515 eiusdem
1408 4447 1482 4515 libri

293 4695 531 4768 wufflm

293 4785 315 4856 ²)
334 4801 396 4858 pag.
416 4785 459 4841 24.
