3544 5320
831 406 1008 466 ..62-

275 610 428 690 frondes,
453 627 537 695 quas
561 627 660 695 caper
682 612 748 677 tam
773 610 981 696 pertinaciter
1001 613 1159 698 appetit‘,
1184 615 1291 680 ortum
1317 613 1417 681 ducat
1440 632 1458 680 a
1483 631 1564 681 sen·

281 717 385 784 tentia
408 715 535 783 Luculli
558 715 617 783 Ac.
641 716 665 782 ll
689 715 733 782 20
758 718 949 802 explanata:
989 716 1098 794 ,Nihil
1122 736 1261 786 necesse
1285 723 1336 786 est
1359 718 1401 787 de
1425 723 1561 806 gustatu

280 829 315 892 et
338 824 479 891 odoratu
504 823 608 909 loqui,
633 823 667 889 in
689 823 813 908 quibus
835 824 1072 910 intellegentia,
1096 825 1171 893 etsi
1194 826 1360 906 vitiosa,
1383 829 1434 893 est
1457 845 1560 913 quae·

275 931 358 998 dam
382 933 523 997 tamen.“
573 929 689 997 Elucet
718 934 828 998 autem
860 949 901 997 ex
931 931 984 998 his
1006 932 1116 999 verbis
1147 933 1297 1018 abruptis
1327 933 1362 999 in
1392 932 1485 1001 tonte
1518 934 1561 1001 de

274 1037 399 1105 eadem
423 1055 457 1104 re
481 1037 645 1104 exstitisse
668 1037 771 1122 plura.
818 1037 869 1105 Eo
898 1038 1005 1123 magis
1033 1038 1134 1125 igitur
1160 1039 1337 1119 habemus,
1366 1039 1458 1125 quod
1487 1041 1559 1126 opi-

281 1163 399 1212 nemur
437 1143 634 1212 Ciceronem
674 1143 717 1210 de
755 1144 878 1212 vitioso
916 1148 1017 1230 gustu
1060 1148 1092 1212 et
1136 1143 1241 1213 odore
1275 1145 1308 1213 in
1347 1145 1559 1216 Academicis

274 1251 522 1338 posterioribus
556 1250 747 1336 diligentius
781 1251 902 1337 egisse,
942 1250 984 1318 ad
1020 1270 1107 1338 quae
1145 1252 1281 1320 alterius
1319 1253 1559 1338 explicationes

279 1358 471 1426 referendae
494 1358 572 1424 sint.
1045 1389 1047 1396 >

368 1465 532 1551 imprimis
556 1464 774 1532 memoranda
798 1467 886 1544 sunt,
911 1483 998 1550 quae
1022 1466 1064 1532 ab
1086 1467 1151 1533 hoc
1168 1467 1378 1551 proteruntur
1398 1468 1440 1534 de
1457 1465 1558 1554 Cyre·

279 1571 383 1638 naicis
407 1575 442 1638 ut
466 1589 626 1638 sensuum
652 1571 801 1657 patronis
824 1570 866 1657 (c.
881 1570 939 1638 Ac.
956 1569 993 1638 lll
1007 1571 1076 1652 26):
1111 1572 1171 1649 ,Et
1197 1572 1381 1658 Epicureus
1403 1574 1456 1641 vel
1481 1572 1557 1660 Cy·

275 1678 427 1746 renaici
451 1681 484 1745 et
506 1677 569 1744 alia
593 1678 696 1745 multa
724 1678 863 1745 tortasse
891 1695 952 1763 pro
983 1679 1140 1746 sensibus
1171 1679 1291 1756 dicant,
1323 1683 1437 1748 contra
1468 1698 1557 1765 quae

277 1785 359 1851 nihil
382 1784 504 1852 dictum
526 1801 601 1852 esse
623 1786 665 1852 ab
681 1783 888 1851 Academicis
909 1785 1074 1870 accepi.“
1124 1784 1174 1852 Ct.
1192 1786 1319 1853 Luculli
1338 1788 1440 1855 verba
1457 1785 1554 1854 1120:

279 1890 393 1974 ,Quid
417 1891 459 1959 de
482 1894 570 1959 tactu
595 1894 628 1958 et
650 1909 691 1959 eo
714 1891 862 1977 quidem,
887 1909 987 1976 quem
1013 1892 1208 1978 philosophi
1229 1891 1417 1961 interiorem
1433 1899 1556 1962 vocant

271 2005 334 2066 aut
362 1999 487 2066 doloris
517 2002 575 2066 aut
596 1999 789 2084 voluptatis,
820 1999 853 2064 in
885 2016 954 2083 quo
985 1996 1194 2086 Cyrenaici
1225 2000 1300 2067 solo
1335 2003 1453 2086 putant
1487 2001 1554 2068 veri

270 2124 352 2174 esse
387 2105 588 2173 iudicium?“
638 2104 762 2173 Contra
793 2106 877 2172 haec
907 2104 1023 2173 Cicero
1055 2105 1202 2191 disputat
1232 2106 1349 2174 inAc.
1373 2107 1463 2175 1176
1494 2109 1553 2176 ita:

279 2211 391 2296 „Quid
409 2212 638 2300 Cyrenaici?
773 2212 830 2297 qui
854 2215 981 2298 negant
1003 2230 1078 2280 esse
1102 2213 1293 2298 quicquam,
1319 2213 1412 2301 quod
1428 2215 1553 2302 percipi

270 2320 383 2406 possit
399 2321 612 2399 extrinsecus,
629 2338 669 2386 ea
685 2336 722 2386 se
739 2319 811 2386 sola
828 2321 1006 2405 percipere,
1023 2338 1110 2405 quae
1124 2323 1212 2388 tuctu
1229 2321 1358 2388 intumo
1376 2323 1551 2390 sentiant.“

275 2425 364 2511 Ergo
393 2426 496 2506 illum,
527 2443 603 2493 cum
633 2425 806 2493 Lucullum
837 2425 947 2492 studet
977 2425 1134 2507 refellere,
1165 2427 1263 2494 etiarn
1293 2427 1326 2494 id
1357 2429 1554 2496 confirmare

275 2533 480 2620 perspicitur,
508 2530 600 2617 quod
628 2533 670 2599 ab
701 2533 767 2599 hoc
795 2530 837 2599 de
862 2530 1120 2619 Cyrenaicorum
1150 2535 1313 2601 sententia
1343 2535 1466 2603 dictum
1491 2540 1552 2604 est.

268 2639 374 2722 ¹Quos
399 2638 609 2725 Augustinus
644 2657 720 2705 cum
756 2639 813 2706 illo
842 2637 947 2734 modo
975 2639 1009 2705 in
1038 2639 1158 2707 eodem
1187 2658 1295 2707 rerum
1324 2659 1453 2709 conexu
1483 2662 1552 2728 quo

275 2747 393 2815 Cicero
428 2748 600 2825 memoret,
625 2746 708 2812 mihi
743 2745 880 2831 quidem
917 2745 1061 2813 dilucide
1095 2744 1322 2815 demonstrare
1355 2747 1486 2816 videtur
1515 2768 1553 2817 se

271 2872 343 2921 non
366 2853 477 2920 solum
502 2852 680 2920 adversarii
705 2851 888 2919 sedetiam
913 2853 1044 2937 patroni
1065 2851 1341 2922 Academicorum
1366 2856 1553 2923 orationem

269 2978 470 3046 respexisse.

360 3084 427 3154 Sed
463 3084 600 3151 rationis
622 3086 737 3153 contra
753 3082 973 3151 Academicos
990 3083 1193 3169 disputandi,
1220 3102 1321 3169 quam
1338 3083 1549 3168 Augustinus

265 3195 292 3276 §
321 3192 364 3259 27
406 3191 625 3277 persequitur,
661 3190 752 3257 haud
791 3191 836 3258 ita
875 3191 1017 3258 similem
1059 3191 1150 3277 apud
1189 3189 1386 3258 Ciceronem
1425 3192 1549 3262 inveni.

269 3299 391 3384 Neque
413 3301 536 3374 tamen,
562 3297 590 3364 si
615 3295 808 3382 diligentius
832 3297 1122 3382 anquisiverimus,
1146 3297 1280 3364 difficile
1301 3298 1360 3364 erit
1383 3298 1550 3366 intellectu

265 3406 363 3472 illum
388 3406 431 3472 ab
455 3405 519 3471 hoc
542 3403 699 3489 pendere.
746 3403 832 3470 Nam
856 3404 972 3490 incipit
995 3404 1078 3471 haec
1099 3405 1329 3489 paragraphus
1352 3405 1410 3471 ita:
1439 3404 1549 3486 ,Quid

269 3512 360 3578 enim
385 3510 427 3577 de
451 3510 600 3577 moribus
623 3509 922 3596 inquirentem...
947 3510 1087 3596 impedit
1109 3511 1258 3595 corporis
1288 3513 1430 3578 sensus?
1475 3510 1548 3579 Nisi

268 3619 353 3686 torte
376 3617 453 3684 illos
477 3617 623 3703 ipsos..
655 3617 738 3683 nihil
762 3616 951 3703 impedit..
983 3617 1192 3684 columbae
1222 3617 1367 3684 collum
1399 3621 1456 3684 aut
1483 3637 1549 3686 vox

269 3727 394 3792 incerta
430 3728 486 3791 aut
520 3741 622 3810 grave
657 3723 793 3808 pondus
828 3724 968 3803 homini,
1004 3722 1096 3809 quod
1127 3725 1262 3791 camelis
1297 3725 1369 3791 leve
1400 3729 1460 3805 est,

263 3833 452 3919 quominus
476 3830 588 3898 dicant
610 3849 652 3898 eo
677 3848 745 3917 quo
770 3830 973 3898 delectantur
996 3830 1153 3898 delectari
1176 3849 1213 3898 se
1238 3830 1320 3898 scire
1338 3880 1346 3898 .
1364 3838 1391 3896 .“
1423 3830 1548 3899 Auctor

268 3943 391 4016 autem,
422 3956 500 4006 cum
532 3939 728 4016 ,columbae
751 3937 894 4006 collum“
933 3937 1047 4005 atterat
1081 3938 1282 4023 exemplum,
1318 3937 1471 4005 videlicet
1505 3938 1548 4005 de

267 4048 332 4114 hoc
355 4046 489 4133 cogitat,
514 4046 607 4130 quod
631 4046 665 4111 in
689 4044 998 4112 helmoretum
1028 4049 1092 4112 est:
1132 4043 1201 4122 ,Tu
1236 4047 1346 4111 autem
1377 4048 1410 4112 te
1440 4063 1547 4132 negas

367 4152 576 4219 columbae
604 4151 791 4219 collo...
821 4152 965 4219 moveri‘
998 4154 1031 4218 et
1058 4150 1161 4218 Acll
1186 4151 1241 4220 19:
1285 4151 1524 4227 ,Necver0..

261 4259 530 4344 exspectandum
559 4261 620 4340 est,
650 4258 730 4326 dum
748 4308 755 4324 .
774 4308 781 4325 .
800 4308 833 4326 ..
862 4260 904 4326 de
928 4259 1032 4326 collo
1057 4258 1264 4326 columbae
1288 4258 1542 4344 respondeam.“

265 4367 344 4434 Non
368 4367 469 4452 igitur
491 4364 632 4433 dubium
657 4369 717 4445 est,
742 4366 823 4450 quin
846 4365 1032 4432 imitatione
1054 4366 1183 4431 tantum
1207 4364 1329 4431 lactum
1347 4365 1399 4444 sit,
1423 4368 1459 4432 ut
1483 4366 1546 4433 ista

266 4473 455 4541 elocutione
484 4476 624 4558 uterque
652 4475 804 4552 uteretur,
834 4472 930 4557 quasi
959 4471 1051 4538 nulla
1079 4471 1143 4538 alia
1172 4471 1254 4556 poni
1283 4471 1436 4556 potuerit.
1485 4472 1544 4540 Sin

260 4582 285 4666 ⁴§
309 4581 352 4648 27
375 4583 479 4647 totam
504 4579 695 4665 perlegeris,
724 4578 950 4665 Augustinum
975 4596 1045 4644 non
1069 4577 1260 4664 copiosiora
1286 4576 1346 4644 sed
1370 4579 1545 4646 subtiliora

264 4686 431 4772 quaedam
467 4686 626 4772 praebere
661 4703 762 4770 quam
801 4682 998 4753 Ciceronem
1030 4684 1064 4751 in
1092 4683 1303 4752 Academicis
1344 4702 1543 4770 cognosces.

264 4793 340 4862 Hoc
362 4793 557 4862 ostendatur
580 4793 840 4878 comparatione,
865 4809 952 4877 quae
976 4791 1139 4877 sequitur:
