3544 5320
800 321 977 382 ..40-

352 543 380 594 c.
404 522 675 614 llc.1112sqq.:
926 526 999 600 Fin.
1021 528 1065 596 V:
1253 528 1350 598 Tusc.
1374 529 1403 598 V
1426 530 1484 600 25:
1593 483 1602 499 ·

296 649 409 733 Quare
426 668 560 737 semper
574 651 635 719 iuit
650 655 782 720 senten·
854 651 927 740 (12)
940 651 1007 720 Sed
1023 671 1099 720 cum
1114 652 1181 720 vita
1225 739 1232 751 ο
1253 653 1398 723 Vexatur
1419 654 1530 724 Theo·

247 758 395 836 damea,
412 757 554 843 sapienti
571 757 636 825 iam
654 757 782 827 homini
810 758 906 826 beata
931 763 1107 845 quaeratur
1133 758 1180 826 id·
1210 759 1376 845 phrastns,
1434 762 1527 848 quod

249 863 331 930 nihil
359 881 447 949 opus
475 882 566 946 esse;
595 867 629 931 ut
652 871 781 933 autem
811 880 876 949 que
892 866 935 933 sit
955 883 1071 945 unum,
1089 866 1181 952 quod
1209 865 1532 937 inCalllsthenesuo'

248 971 415 1056 sapiens
446 970 531 1051 liat,
569 971 781 1057 plurimum
811 971 1028 1058 philosophia
1085 991 1180 1059 spec·
1209 972 1529 1043 laudaritillamsen·

248 1077 518 1145 necessariam
556 1095 652 1146 esse
693 1078 781 1146 ior·
810 1081 878 1146 tare
910 1078 1041 1160 debeat,
1076 1080 1181 1147 sitne
1209 1079 1361 1147 tentiam:
1399 1079 1528 1148 Vitam

247 1187 414 1252 tunam:
491 1235 498 1250 .
520 1187 576 1252 aut
596 1185 781 1253 conceden·
810 1202 853 1251 ea
869 1187 949 1253 1013
965 1185 1040 1253 sita
1057 1187 1096 1253 in
1117 1205 1181 1273 po·
1211 1187 1313 1274 'regit
1355 1187 1531 1268 fortuna,

248 1289 330 1359 dum
370 1294 421 1358 est
464 1291 564 1359 etiam
606 1291 640 1359 in
679 1294 780 1360 omnl
809 1293 955 1360 testate
984 1293 1182 1379 sapientis
1232 1293 1496 1379 nonsapien·

248 1398 448 1484 sapientis
483 1398 563 1466 vita
598 1416 681 1466 eam
717 1401 780 1476 (sc.
810 1415 853 1465 an
877 1398 987 1484 possit
1009 1403 1066 1468 aut
1092 1399 1182 1468 labe·
1211 1399 1266 1467 tia
1293 1449 1301 1466 .
1330 1449 1376 1467 ..
1429 1399 1531 1475 Recte

248 1503 463 1591 fortunam)
491 1504 685 1588 domlnarl,
705 1523 781 1573 cum
809 1503 921 1572 iactari
944 1510 1002 1575 aut
1024 1506 1107 1593 eripi
1135 1524 1183 1577 re·
1209 1505 1246 1572 id
1278 1505 1430 1592 quidem,
1469 1505 1530 1575 sed

249 1614 282 1678 et
320 1610 392 1696 ipse
430 1611 565 1696 sapiens
604 1611 656 1692 iis,
695 1630 782 1698 quae
810 1614 874 1680 bus
897 1611 1056 1692 adversis,
1080 1613 1115 1679 in
1140 1631 1183 1681 eo
1212 1611 1295 1679 nihil
1370 1612 1531 1700 intellego

248 1717 406 1802 corpori
434 1719 662 1786 necessaria
694 1721 782 1799 sunt,
811 1736 880 1786 non
909 1737 1094 1806 numquam
1127 1738 1183 1787 va·
1248 1717 1314 1786 dici
1341 1719 1494 1805 potuisse

249 1840 319 1890 non
358 1822 508 1910 indigere
551 1842 621 1892 non
664 1825 782 1909 possit.
810 1825 885 1892 riari
927 1825 1013 1893 inter
1054 1844 1114 1894 eos
1152 1829 1184 1894 et
1211 1824 1429 1893 constantius.
1495 1825 1530 1895 Si

249 1929 284 2016 (3
405 1930 450 1998 ita
479 1930 633 2017 quisquis
664 1930 707 1999 ad
731 1950 783 2000 sa·
844 1931 987 2000 dubitari
1010 1931 1149 2001 videtur.
1211 1931 1301 2000 enim
1323 1981 1332 1998 .
1356 1984 1363 1998 .
1385 1984 1393 1999 .
1417 1949 1532 2000 nonne

250 2037 394 2122 pientiae
408 2039 598 2125 portum...
612 2038 783 2124 pervenire
811 2036 915 2120 Quod
939 2040 1084 2107 maxime
1112 2040 1183 2107 eiti-
1237 2041 1503 2107 consentaneum

249 2143 399 2224 voluerit,
435 2145 597 2232 quoniam
623 2194 632 2212 .
657 2195 665 2212 .
689 2195 720 2224 .,
754 2144 783 2212 si
811 2145 854 2213 cit
885 2144 1105 2232 Theophrasti
1141 2147 1263 2214 deest
1295 2145 1372 2231 plus
1406 2145 1531 2213 iortu·

200 2316 201 2319 ,
251 2267 391 2319 caecus
426 2268 464 2318 ac
499 2249 644 2319 surdus
675 2250 782 2332 luerit,
811 2253 908 2320 beata
930 2253 998 2320 vita
1026 2253 1120 2334 liber,
1149 2253 1183 2320 in
1212 2270 1317 2333 nam,
1336 2269 1442 2338 quae
1462 2252 1529 2322 do·

249 2374 320 2424 non
333 2360 452 2444 potest,
469 2358 561 2443 quod
574 2358 721 2444 positum
733 2362 784 2426 est
811 2376 880 2444 quo
912 2360 1082 2428 multum
1121 2360 1183 2429 ad·
1212 2359 1311 2426 mina
1338 2376 1464 2425 rerum
1489 2357 1533 2426 sit

250 2465 289 2530 in
333 2468 534 2550 potestate
576 2465 782 2546 fortunae,
812 2464 969 2533 modum
991 2466 1184 2535 ¹fortunae
1212 2468 1243 2533 et
1266 2468 1475 2533 externarum
1498 2468 1559 2533 et‘

250 2571 471 2639 necessariam
489 2571 570 2640 mihi
590 2570 721 2640 videtur
740 2571 782 2641 ad
811 2570 918 2640 datur.
960 2571 1064 2655 Quod
1087 2573 1115 2642 si
1139 2574 1183 2642 ita
1211 2573 1254 2642 ad
1282 2590 1405 2659 corpus
1433 2571 1530 2658 perti·

250 2677 295 2757 id,
320 2678 413 2764 quod
436 2678 636 2764 concupiuit,
661 2679 784 2746 habere
812 2697 849 2746 se
910 2679 1041 2758 habeat,
1101 2698 1183 2748 non
1212 2678 1373 2758 nentium,
1396 2695 1530 2745 ...va-

249 2785 429 2853 iortunam.
473 2783 577 2867 Quod
610 2802 686 2853 cum
722 2787 783 2853 ob·
812 2785 964 2872 possit
1007 2786 1182 2859 beatam
1211 2785 1288 2853 lere.
1336 2784 1429 2871 (111)
1482 2783 1532 2850 Ex

250 2892 394 2973 tinuerit,
450 2892 603 2986 quamvis
652 2879 785 2980 putetur
811 2891 934 2959 vitam
982 2895 1184 2979 praestare
1213 2909 1282 2978 quo
1317 2889 1403 2959 ellici
1436 2893 1532 2977 putat

250 2997 399 3084 indigere
438 2997 641 3086 quibusdam
683 2999 784 3067 rebus
812 2997 1045 3085 sapientia.
1112 2998 1183 3085 (53)
1212 2997 1279 3079 ille,
1322 3001 1358 3065 ut
1394 2995 1534 3083 sapiens

251 3103 293 3172 ad
306 3105 455 3190 corporis
469 3105 694 3173 valetudinem
711 3124 784 3192 per·
813 3156 820 3172 .
849 3155 857 3170 .
886 3155 895 3172 .
930 3106 1039 3191 qualis
1076 3106 1184 3176 lutura
1212 3103 1531 3189 semperbeatussil.

250 3211 444 3293 timentibus,
469 3211 549 3278 illud
572 3215 684 3280 tamen
703 3230 783 3280 con·
811 3211 854 3280 311
875 3212 943 3279 vita
971 3212 1184 3298 sapientium,
1212 3209 1376 3290 Etiamne,
1392 3211 1421 3277 si
1440 3228 1532 3280 seu·
1577 3281 1581 3288 ,

251 3320 316 3385 stat
341 3336 411 3386 non
436 3318 488 3385 his
516 3335 604 3403 opus
627 3333 713 3398 esse,
748 3321 820 3386 ut.
854 3369 861 3384 .
894 3368 902 3386 .
942 3319 1071 3386 nullum
1117 3337 1183 3386 ne·
1234 3317 1346 3386 sibus
1384 3317 1509 3385 carebit

250 3423 386 3511 sapiens
420 3425 473 3505 sit,
615 3425 721 3493 Immo
756 3426 784 3493 si
813 3426 1034 3493 cessarium
1095 3426 1184 3494 vitae
1211 3424 1450 3503 oculorum,
1501 3423 1529 3490 si

179 3543 181 3547 ·
250 3548 392 3598 caecus
420 3549 458 3600 ac
486 3530 633 3599 surdus
665 3532 717 3612 sit,
752 3535 785 3600 et
812 3532 936 3599 cultum
954 3535 1011 3599 aut
1031 3534 1183 3618 paralum
1211 3531 1383 3599 aurium?
1411 3529 1531 3610 Etiam,

251 3637 449 3722 sapientiam
475 3637 727 3724 adipiscendum
752 3641 785 3706 et
812 3639 1116 3725 requirentes...
1212 3656 1289 3705 nam
1340 3637 1403 3712 ista
1455 3635 1531 3722 ipsa

251 3745 359 3828 ipsam
385 3745 483 3812 vitam
503 3748 783 3824 ...contemnet
1212 3743 1406 3814 contemnit.
1523 3821 1526 3828 ⁴

339 3851 417 3920 Non
441 3851 540 3938 igitur
563 3853 673 3921 solum
698 3851 838 3920 caedam
863 3853 1047 3921 sententiae
1070 3851 1123 3920 his
1146 3852 1230 3920 locis
1253 3852 1439 3928 occurrunt,
1468 3847 1528 3916 sed

251 3958 351 4026 etiam
375 3962 443 4026 tam
468 3959 594 4027 similes
621 3977 734 4040 voces,
761 3964 797 4027 ut
824 3978 947 4046 negem
972 3959 1043 4027 lieri
1067 3959 1229 4045 potuisse,
1254 3961 1289 4024 ut
1309 3956 1530 4043 Augustinus,

252 4066 309 4152 qui
333 4065 385 4134 De
408 4064 474 4133 Vit.
497 4066 529 4133 b.
554 4065 598 4133 25
621 4068 664 4134 ab
695 4067 876 4135 Hortensio
905 4069 1076 4151 mutuatus
1106 4069 1166 4146 est,
1202 4065 1268 4132 hoc
1295 4067 1424 4131 tantum
1453 4063 1530 4131 1030

250 4191 335 4240 usus
362 4173 447 4241 tales
475 4173 717 4242 consensiones
745 4192 821 4241 cum
850 4173 968 4241 Finv
989 4174 1028 4241 12
1056 4176 1089 4241 31
1116 4171 1214 4240 Tusc.
1229 4171 1260 4237 V
1274 4170 1318 4240 25
1346 4169 1530 4256 praeberet.

251 4278 357 4352 immo
380 4297 422 4348 ex
445 4297 484 4347 ea
508 4297 552 4359 re,
577 4280 669 4366 quod
694 4281 728 4347 in
749 4280 895 4364 §§2—4
912 4280 984 4347 libri
1001 4277 1164 4348 1113113.
1181 4281 1336 4346 nontam
1360 4294 1436 4344 cum
1454 4273 1531 4359 §25

251 4387 326 4453 libri
343 4386 384 4454 de
400 4386 455 4454 vit.
472 4387 506 4453 b.
524 4404 625 4474 quam
650 4387 813 4473 imprimis
836 4405 913 4454 cum
937 4385 1072 4454 duobus
1097 4383 1269 4453 Ciceronis
1292 4385 1376 4453 locis
1399 4399 1529 4451 memo·

251 4493 372 4561 rabiles
394 4496 571 4580 verborum
595 4512 772 4580 rerumque
787 4492 1023 4576 similitudines
1039 4492 1263 4573 inveniuntur,
1287 4489 1528 4578 suspicandum

250 4603 303 4668 est
317 4599 507 4687 Augustino
531 4601 652 4667 librum
677 4598 850 4670 Ciceronis
870 4601 916 4674 ob
936 4599 1054 4667 oculos
1069 4602 1236 4668 versatum
1253 4616 1339 4670 esse.
1375 4597 1529 4681 Quanto

251 4725 330 4793 pere
358 4727 378 4775 a
404 4708 497 4776 tonte
526 4705 686 4793 pendeat,
717 4725 904 4794 cognoscas
936 4707 1114 4793 praecipue
1142 4725 1183 4774 ex
1213 4701 1277 4774 hoc
1307 4706 1463 4792 exemplo
1494 4704 1530 4770 in
