3544 5320
790 313 968 373 ..39-

329 517 397 585 iarn
436 535 501 585 nos
535 517 577 586 ad
616 519 871 605 perquirendem
910 519 1030 588 librum
1069 519 1239 586 tertium
1275 523 1518 588 convertamus.

238 623 450 710 Augustinus
482 624 719 711 disputationis
752 626 882 695 initium
914 626 990 694 iacit
1024 626 1255 694 adulescentes
1290 625 1519 708 admonendo,

239 730 283 798 de
306 750 374 818 qua
404 749 438 798 re
462 749 622 817 quaerere
649 733 683 799 in
710 733 778 800 tine
806 732 925 819 prioris
952 733 1118 800 sermonis
1146 733 1230 800 inter
1252 751 1289 801 se
1316 734 1517 801 convenerit.

238 837 442 919 Quaesitum
472 838 561 905 enirn
593 841 672 920 erat,
701 842 810 906 utrum
842 857 884 907 ex
904 838 1181 907 Academicorum
1210 841 1414 925 argumentis
1442 858 1519 926 pro·

239 944 351 1012 babile
366 947 455 1012 esset
478 963 521 1012 an
538 963 619 1026 non,
642 947 768 1032 percipi
791 946 876 1014 nihil
899 964 1001 1034 posse
1015 965 1055 1015 ac
1070 947 1153 1014 nuili
1176 946 1222 1014 rei
1243 965 1317 1014 esse
1333 948 1518 1015 assentien-

239 1051 331 1121 dum.
377 1050 576 1138 Priusquam
601 1070 680 1120 vero
710 1071 778 1120 rem
810 1053 919 1140 ipsam
949 1053 1152 1140 aggreditur,
1183 1053 1244 1132 ,de
1272 1071 1344 1137 spe,
1375 1053 1417 1122 de
1439 1054 1518 1134 vita,

238 1157 282 1224 de
306 1157 476 1226 instituto“
495 1158 525 1226 ei
550 1159 658 1245 placet
681 1177 850 1246 exponere
872 1161 915 1244 §§
930 1160 1018 1227 2-4
1034 1163 1068 1228 et
1090 1178 1259 1247 quaerere,
1283 1178 1363 1226 num
1388 1161 1517 1228 homini

238 1263 281 1331 ad
306 1264 505 1350 sapientiam
522 1264 774 1351 adipiscendam
797 1266 929 1334 tortuna
952 1284 1041 1352 opus
1064 1267 1116 1334 sit.
1154 1267 1229 1334 Hoc
1244 1266 1388 1335 alienum
1406 1285 1517 1334 essee

238 1371 414 1457 proposito
430 1369 646 1440 Ohlmannus
669 1390 733 1440 suo
756 1373 827 1441 iure
850 1375 1025 1441 arbitratus
1049 1391 1126 1460 pag.
1144 1374 1187 1443 74
1203 1372 1355 1441 eiusdem
1372 1374 1518 1441 auctoris

237 1477 312 1546 iibri
332 1477 395 1556 ,de
418 1478 516 1546 beata
531 1479 618 1546 vita“
636 1481 912 1548 commemoravit
934 1480 1025 1564 §25,
1049 1481 1108 1547 ubi
1131 1479 1250 1548 eadem
1275 1480 1317 1547 de
1341 1497 1374 1547 re
1397 1481 1516 1567 agitur.

238 1583 354 1666 Quam
381 1586 639 1672 paragraphum,
667 1604 744 1654 curn
772 1604 814 1654 ex
836 1585 1018 1655 Hortensio
1043 1586 1215 1655 Ciceronis
1242 1605 1318 1654 esse
1347 1590 1516 1673 sumptam

237 1709 316 1778 pag.
337 1691 471 1759 50-62
495 1691 781 1774 demonstraverit,
810 1712 888 1780 pag.
909 1693 952 1763 75
980 1692 1087 1760 addit:
1126 1692 1264 1772 ,Utrum
1292 1695 1403 1762 autem
1428 1710 1515 1779 quae

237 1815 266 1865 c.
281 1796 341 1865 Ac.
357 1797 394 1864 lli
417 1798 505 1865 2-4
528 1802 742 1885 exponuntur
770 1817 838 1868 una
865 1818 941 1868 cum
969 1801 1036 1869 iilis
1060 1800 1235 1868 sententiis
1259 1800 1301 1867 de
1324 1799 1380 1867 vit.
1405 1800 1437 1866 b.
1461 1799 1516 1880 25,

237 1923 324 1992 quas
359 1922 401 1972 ex
434 1903 616 1972 Hortensio
650 1905 847 1992 desumptas
883 1923 956 1975 esse
991 1924 1092 1992 supra
1133 1906 1446 1988 demonstravimus,
1482 1906 1515 2004 in

237 2011 420 2080 Hortensio
436 2011 614 2098 explanata
630 2012 707 2092 sint,
731 2031 774 2079 an
791 2013 883 2081 nulio
903 2012 1113 2100 Augustinus
1129 2030 1210 2081 usus
1227 2014 1271 2079 sit
1285 2012 1377 2080 tonte
1393 2013 1515 2092 alieno,

236 2118 370 2187 dehac
398 2136 432 2185 re
459 2119 538 2186 certi
567 2118 754 2203 quidquam
781 2120 982 2189 constituere
1010 2139 1080 2187 non
1109 2120 1251 2188 audeo‘.
1305 2119 1372 2188 Sed
1403 2122 1515 2188 tamen

236 2225 375 2293 certiora
404 2243 484 2292 num
513 2225 650 2312 proferri
678 2226 821 2312 possint,
849 2226 1034 2294 videamus.
1079 2226 1228 2293 Primum
1256 2228 1339 2294 haec
1366 2228 1450 2294 inter
1480 2246 1516 2295 se

235 2335 483 2418 comparentur.

234 2599 387 2669 suiipsius
410 2597 470 2654 libri
495 2597 573 2653 iterat
597 2598 682 2668 idque
706 2599 766 2654 eius
793 2599 890 2654 iterum
917 2599 1008 2669 partis,
1035 2613 1117 2667 quarn
1145 2613 1161 2654 e
1189 2597 1329 2655 Ciceronis
1346 2599 1518 2655 Academicis

232 2689 372 2759 sumptam
390 2701 454 2744 esse
472 2687 533 2742 aliis
551 2686 587 2742 de
599 2689 688 2742 causis
706 2689 759 2742 iarn
778 2689 907 2759 suspicati
925 2701 1030 2746 sumus.
1057 2686 1118 2743 Huc
1136 2688 1242 2744 accedit
1259 2689 1334 2757 quod
1353 2691 1441 2758 priore
1454 2689 1516 2743 ioco

232 2778 334 2848 scripta
362 2778 439 2832 sunt:
474 2777 610 2841 ,veritatis
637 2790 771 2832 sacra..
799 2777 928 2849 prodere·
963 2778 991 2832 et
1012 2777 1061 2834 Ac.
1083 2777 1172 2834 1160:
1211 2791 1296 2846 ,quae
1328 2778 1431 2832 sunt..
1464 2779 1515 2832 ista

232 2865 428 2938 mysteriai‘
454 2865 528 2921 Ltcet
550 2867 632 2937 igitur
648 2865 744 2920 videre
767 2880 802 2920 ex
819 2865 966 2938 Augustini
989 2881 1039 2921 sua
1061 2869 1147 2937 ipsius
1170 2867 1328 2930 imitatione,
1348 2867 1515 2936 quantopere

233 2955 287 3010 sibl
306 2953 469 3011 Ciceronem
488 2955 625 3022 exemplar
642 2956 821 3024 proposuerit.
858 2955 958 3025 Neque
981 2957 1052 3011 male
1075 2971 1136 3011 curn
1159 2957 1219 3011 elus
1241 2957 1344 3011 ratione
1368 2957 1515 3010 convenire

234 3045 374 3109 existimo,
393 3043 535 3114 quomodo
553 3042 589 3098 de
612 3044 659 3097 ilio
681 3043 848 3098 Academico
870 3046 931 3113 ipse
953 3045 1055 3102 iudicet
1076 3058 1099 3100 c.
1118 3044 1167 3100 Ac.
1186 3043 1273 3099 1126:
1304 3042 1395 3110 ,Quid
1413 3044 1515 3112 putatis

231 3131 405 3198 Ciceronem,
423 3134 500 3188 cuius
523 3133 593 3187 haec
609 3133 695 3187 verba
719 3133 791 3196 sunt,
815 3133 927 3203 inopem
952 3132 1038 3188 tuisse
1066 3133 1176 3188 Latinae
1203 3130 1346 3204 linguael·
1385 3129 1514 3186 Cetemm

232 3222 308 3278 illam
327 3221 510 3277 elocutionem
530 3220 628 3291 (1124)
650 3234 702 3285 ,ue
720 3222 756 3275 ab
774 3222 815 3276 eis
832 3222 935 3276 temere
954 3222 1066 3292 pollutis
1083 3223 1222 3278 mentibus
1241 3222 1270 3278 et
1292 3223 1371 3291 quasi
1393 3219 1514 3291 profanis

231 3311 369 3382 quaedam
399 3311 522 3367 veritatis
548 3323 622 3366 sacra
649 3309 853 3379 proderentur‘,
881 3325 935 3380 qua
966 3325 1074 3366 summa
1104 3312 1254 3366 ceteromm
1290 3310 1515 3380 philosophorum

230 3401 402 3470 contemptio
429 3401 601 3469 exprimatur,
627 3397 777 3453 dilucidum
805 3400 849 3453 est
875 3413 931 3454 non
958 3413 1042 3469 posse
1069 3400 1189 3455 exortam
1217 3413 1279 3454 esse
1303 3401 1356 3454 nisi
1378 3401 1516 3454 inanimo

231 3490 303 3555 eius,
332 3490 380 3558 qui
406 3489 467 3558 ipse
488 3488 669 3543 Academicus
695 3486 753 3553 luit,
780 3489 872 3557 itaque
904 3489 1034 3544 amente
1051 3488 1198 3560 Augustini
1225 3503 1285 3544 eam
1317 3489 1515 3559 pronuntiantis

231 3591 345 3650 prorsus
365 3577 518 3633 dissentire.

322 3682 366 3740 Ne
384 3698 451 3740 vero
470 3685 606 3754 quispiam
623 3681 739 3738 tortasse
756 3697 801 3739 me
819 3685 856 3739 ita
873 3684 1109 3756 argumentantem
1127 3684 1259 3740 audaciae
1276 3683 1419 3739 cuiusdam
1441 3697 1516 3738 coar-

230 3773 308 3846 guat,
327 3773 454 3842 quartum
472 3774 555 3828 huius
572 3774 681 3844 generis
701 3772 856 3843 exemplum
874 3771 998 3829 aiteram:

443 3878 639 3936 amum
1113 3879 1302 3936 cmfflh

266 3970 353 4040 (cum)
386 3969 545 4024 veritas...
578 3968 624 4024 vel
650 3967 769 4023 obruta
794 3968 848 4023 vel
938 3971 1067 4039 quoniam
1094 3968 1220 4039 (veritas)
1241 3969 1288 4024 vel
1315 3968 1437 4023 lateret
1455 3967 1516 4022 ob-

229 4058 376 4116 coniusa
398 4058 559 4113 latitaret.
700 4128 703 4132 ¹
903 4059 975 4114 ruta
994 4059 1047 4114 vel
1064 4057 1205 4113 contusa
1223 4072 1278 4113 non
1297 4059 1437 4113 emineret.

321 4181 406 4238 Porro
423 4184 452 4238 in
471 4182 571 4238 eodem
589 4183 729 4237 enuntiato
746 4197 770 4237 c.
787 4181 836 4238 Ac.
855 4181 887 4238 iil
909 4183 920 4238 l
941 4182 1073 4255 legimus:
1099 4182 1143 4248 ,id
1161 4197 1225 4238 eum
1243 4183 1332 4252 sequi,
1354 4181 1429 4252 quod
1452 4195 1514 4252 pro·

230 4274 324 4330 babile
342 4287 374 4327 ac
392 4273 448 4328 veri
468 4271 557 4326 simile
575 4273 778 4326 occurreret·
799 4272 828 4327 et
845 4270 893 4327 Ac.
911 4271 933 4326 ii
953 4272 1016 4327 127:
1039 4274 1077 4337 ,si
1095 4313 1121 4328 ..
1140 4272 1243 4341 aliquid
1261 4272 1421 4336 occurrit,
1438 4271 1514 4339 quod

231 4365 291 4420 veri
309 4362 400 4419 simile
418 4360 556 4415 videatur·
578 4362 606 4415 et
624 4358 680 4415 Oii.
698 4359 731 4415 111
749 4359 785 4416 30
806 4361 1015 4429 ,quodcumque
1034 4363 1152 4416 maxime
1171 4360 1311 4431 probabile
1334 4360 1510 4415 occurrat·

321 4450 401 4506 Tales
419 4448 612 4505 similitudines
630 4448 756 4504 fortuitae
774 4464 830 4504 non
848 4450 963 4518 possunt
982 4464 1058 4515 esse;
1077 4453 1162 4505 immo
1181 4451 1220 4503 eis
1238 4449 1387 4504 luculenter
1399 4447 1514 4502 demon-

230 4533 332 4596 stratur
350 4539 534 4610 Augustinum
553 4539 630 4607 quasi
648 4536 769 4608 pendere
787 4536 926 4593 Ciceronis
944 4538 1046 4593 verbis.
1082 4537 1179 4594 Nostra
1197 4540 1290 4593 autern
1313 4539 1514 4609 argumentatio

230 4629 276 4684 iric
295 4642 408 4698 quoque
426 4641 462 4682 eo
480 4627 674 4691 corroboratur,
692 4627 767 4696 quod
785 4627 944 4697 repetuntur
962 4627 1047 4682 verba
1064 4629 1125 4682 eius
1143 4629 1234 4697 pariis,
1258 4629 1286 4680 in
1310 4639 1363 4696 qua
1381 4626 1427 4679 vel
1453 4639 1513 4696 gra·

230 4719 360 4774 vissimas
376 4720 575 4772 consensiones
593 4729 655 4770 cunr
671 4712 811 4770 Ciceronis
829 4714 993 4783 quibusdam
1012 4716 1079 4770 iocis
1100 4729 1163 4787 pag.
1175 4714 1211 4770 35
1224 4729 1284 4784 sqq.
1311 4716 1512 4772 constituimus.
