3544 5320
824 349 1001 408 ..76-

271 557 405 626 etalter
420 557 510 625 huic:
538 555 660 638 ,Quid
685 556 712 623 si
730 559 954 640 utrumque,
978 573 1058 621 num
1076 555 1174 640 peius
1198 557 1270 622 est?
1304 556 1416 625 Unum
1440 557 1553 623 tamen

276 663 358 731 illud
402 681 471 731 non
517 665 625 730 celant
666 662 748 730 nihil
787 679 863 730 esse
897 662 989 746 quod
1024 662 1149 747 percipi
1185 663 1304 748 possit.
1349 661 1402 730 An
1441 662 1475 728 in
1511 679 1553 729 eo

272 769 454 838 auctoritas
479 769 561 836 nihil
585 769 704 837 obest?
732 768 817 836 Mihi
841 768 978 852 quidem
1001 767 1130 835 videtur
1153 768 1204 836 vel
1228 769 1420 854 plurimum.
1468 767 1553 850 Quis

274 877 368 943 enim
393 876 456 944 ista
478 879 547 943 tam
577 879 689 962 aperte
718 876 962 961 perspicueque
990 878 1022 942 et
1048 892 1202 960 perversa
1236 879 1270 942 et
1304 875 1386 942 lalsa
1421 877 1554 942 secutus

273 985 375 1062 esset,
399 983 465 1050 nisi
488 985 578 1050 tanta
602 983 637 1048 in
659 981 815 1061 Arcesila,
846 981 950 1049 multo
979 982 1078 1049 etiam
1116 982 1222 1049 maior
1256 982 1290 1048 in
1314 980 1488 1049 Carneade
1522 983 1555 1048 et

272 1089 376 1174 copia
410 1107 517 1157 rerum
553 1092 587 1156 et
621 1088 752 1157 dicendi
780 1089 831 1156 vis
865 1088 1021 1156 tuissetl“
1067 1088 1223 1157 Lucullus
1255 1089 1354 1175 igitur
1376 1088 1555 1173 praecipue

277 1195 471 1263 auctoritate
495 1195 660 1275 homines,
677 1201 713 1263 ut
728 1194 1004 1263 Academicorum
1021 1196 1219 1262 sententiam
1242 1198 1468 1279 sequerentur,
1483 1211 1557 1279 per·

277 1301 397 1370 ductos
427 1319 502 1370 esse
532 1302 707 1370 existimat.
753 1299 846 1369 Idem
870 1320 950 1370 vero
973 1301 1184 1387 Augustinus
1215 1301 1452 1387 pronuntiavit,
1479 1317 1554 1367 cunr

277 1408 404 1476 ibidem
419 1409 556 1476 diceret:
573 1408 620 1487 ,A
632 1427 701 1494 quo
714 1427 768 1476 me
785 1409 922 1494 negotio
938 1407 1097 1496 (veritatis
1113 1407 1380 1494 investigandae)
1394 1406 1555 1492 quoniam

278 1516 425 1582 rationes
440 1513 716 1584 Academicorum
740 1533 810 1583 non
834 1516 947 1582 leviter
969 1514 1186 1594 deterrebant,
1208 1565 1215 1580 .
1234 1517 1397 1584 ..contra
1421 1530 1555 1580 eas...

279 1623 428 1689 munitus
451 1629 557 1690 sum.“
598 1622 687 1708 Ergo
703 1640 778 1689 cunr
802 1625 940 1707 uterque
963 1623 997 1690 in
1014 1621 1134 1689 eodem
1159 1639 1267 1689 rerum
1284 1638 1413 1688 conexu
1438 1618 1555 1687 iisdem

280 1728 415 1796 duobus
438 1729 611 1797 vocabulis
635 1731 754 1809 utatur,
779 1746 866 1812 quae
889 1728 978 1795 haud
1008 1728 1053 1795 ita
1077 1726 1179 1813 sae'pe
1206 1727 1262 1795 tali
1287 1727 1390 1796 modo
1414 1727 1498 1794 inter
1520 1744 1557 1794 se

273 1835 458 1902 coniuncta
474 1836 695 1916 inveniamus,
711 1854 781 1904 non
797 1839 848 1902 est
869 1836 1011 1903 dubium
1028 1835 1110 1920 quin
1132 1834 1185 1901 hic
1199 1851 1337 1918 quoque
1348 1832 1557 1919 Augustinus

274 1939 454 2010 Ciceronis
476 1941 675 2011 Academica
699 1943 846 2010 imitatus
870 1943 920 2010 sit.

370 2171 437 2241 Sed
461 2191 551 2241 nunc
567 2173 609 2241 ad
633 2177 780 2241 nostram
806 2174 1040 2260 quaestionem
1057 2173 1272 2258 respicientes
1288 2170 1557 2257 complectamur,

281 2296 369 2363 quae
392 2279 435 2348 de
462 2279 690 2364 disputatione
718 2283 833 2349 contra
855 2279 1074 2348 Academicos
1103 2298 1121 2345 a
1150 2279 1223 2346 libri
1251 2275 1290 2346 II.
1317 2279 1352 2346 ll
1381 2294 1488 2362 usque
1516 2275 1558 2342 ad

274 2385 383 2453 iinem
407 2386 480 2454 libri
502 2383 555 2452 III.
580 2387 693 2454 habita
716 2387 959 2474 cognovimus:¹
983 2405 1010 2454 c.
1026 2385 1084 2454 Ac.
1100 2383 1130 2452 II
1149 2386 1184 2453 ll
1205 2388 1237 2452 et
1260 2385 1299 2452 12
1324 2384 1454 2453 decreta
1476 2381 1559 2450 Aca-

280 2487 412 2560 demiae
435 2511 553 2573 novae,
578 2496 614 2561 ut
641 2493 794 2580 discipuli
817 2491 992 2580 Trygetius
1020 2495 1053 2560 et
1076 2492 1243 2561 Licentius
1270 2491 1490 2570 instituantur,
1515 2489 1558 2556 ab

281 2599 472 2684 Augustino
489 2600 604 2685 paucis
624 2601 734 2667 verbis
751 2601 966 2686 explicantur.
1006 2599 1170 2682 Quaestio
1190 2599 1267 2684 ipsa
1291 2597 1441 2683 incipit§
1460 2598 1499 2664 14
1516 2597 1558 2664 ab

279 2705 400 2772 iisdem
429 2707 542 2786 rebus,
571 2706 694 2790 quibus
723 2705 841 2775 Cicero
868 2705 926 2775 Ac.
952 2703 1076 2793 posti
1104 2703 1147 2771 43
1176 2722 1250 2788 sqq.
1280 2704 1322 2771 de
1350 2695 1560 2772 Academicis

276 2809 443 2880 disserere
471 2830 609 2880 exorsus
637 2815 697 2880 est.
736 2811 886 2887 Rationis
910 2817 1020 2881 autern
1049 2814 1112 2879 hos
1136 2810 1359 2897 oppugnandi
1387 2814 1419 2878 et
1446 2809 1559 2877 deien-

283 2917 394 2999 dendi,
410 2937 512 3004 quam
524 2919 734 3005 Augustinus
750 2939 769 2986 a
785 2920 842 2987 lib.
858 2917 896 2988 Η.
917 2919 957 2987 16
973 2935 1081 3003 usque
1098 2918 1140 2985 ad
1160 2918 1216 2985 lib.
1233 2914 1287 2984 111.
1304 2917 1348 2984 20
1367 2919 1559 3002 persecutus

278 3026 342 3104 est,
359 3025 450 3093 nulla
466 3025 584 3093 similis
600 3026 701 3092 nobis
717 3027 857 3094 occurrit
877 3027 911 3092 in
923 3025 1131 3094 Academicis
1146 3023 1274 3091 traditis
1291 3026 1420 3110 praeter
1434 3041 1559 3109 paucas

283 3133 412 3198 tantum
426 3131 700 3217 significationes,
714 3149 800 3216 quae
813 3133 954 3200 leviores
967 3134 1054 3199 sunt.
1075 3130 1173 3213 Quae
1184 3148 1263 3197 vero
1280 3131 1354 3198 libri
1370 3127 1424 3197 111.
1437 3130 1560 3197 21-36

283 3246 505 3322 exponuntur,
536 3257 575 3307 ea
603 3239 780 3317 ,Lucullo“
807 3257 945 3324 quoque
975 3239 1195 3305 continentur.
1242 3236 1328 3304 Turn
1351 3238 1395 3320 §§
1417 3235 1461 3304 37
1485 3253 1560 3320 sqq.

279 3345 401 3411 iterum
417 3346 496 3412 tatia
511 3349 706 3430 sequuntur,
722 3346 834 3429 qualia
843 3345 1040 3413 Academica
1056 3363 1146 3412 nunc
1161 3362 1230 3411 non
1248 3345 1417 3431 praebent.
1442 3342 1561 3430 Neque

283 3451 349 3518 hoc
372 3452 492 3518 mirum
516 3456 575 3532 est,
600 3469 676 3518 curn
701 3451 745 3532 id,
769 3452 861 3537 quod
886 3452 938 3518 his
962 3451 1180 3537 paragraphis
1196 3449 1405 3536 Augustinus
1422 3452 1560 3529 enarrat,

282 3560 320 3624 ut
343 3576 419 3643 pag.
437 3558 479 3625 73
503 3578 553 3643 sq.
579 3558 787 3626 enucleatum
815 3561 875 3638 est,
904 3559 979 3625 illos
1005 3575 1092 3642 quae
1114 3575 1200 3624 vere·
1215 3555 1374 3624 sentirent
1397 3558 1563 3625 occultare

279 3679 477 3744 consuesse,
513 3666 684 3751 aptissime
715 3665 929 3733 coniunctum
960 3665 1002 3733 sit
1037 3683 1113 3731 curn
1142 3664 1216 3732 libri
1243 3661 1283 3730 ΙΙ.
1311 3665 1354 3748 §§
1377 3663 1420 3731 24
1448 3670 1481 3731 et
1507 3662 1561 3730 26.

279 3769 411 3838 'Tarnen
436 3773 499 3839 lros
522 3773 616 3840 locos
633 3790 674 3838 ex
689 3770 862 3840 Ciceronis
884 3771 1032 3856 quodam
1049 3770 1325 3839 Academicorum
1342 3770 1427 3837 libro
1452 3787 1562 3854 eoque

280 3877 416 3962 ’perdito
458 3896 533 3946 esse
572 3881 727 3965 sumptos
770 3878 1007 3947 conclusimus.
1069 3877 1136 3945 larn
1181 3877 1350 3950 Krischius
1379 3876 1563 3945 Varronem

285 3984 320 4050 in
345 3984 413 4052 line
435 3984 509 4052 libri
533 3982 587 4061 III.
612 3985 817 4071 proiesssum
843 4002 917 4052 esse
946 4004 1023 4072 pag.
1051 3985 1114 4052 186
1144 3985 1334 4070 suspicatur
1353 3981 1562 4051 Academicis

288 4109 435 4168 ,morem
470 4092 574 4160 tuisse
609 4092 798 4160 occultandi
833 4092 1033 4160 sententiam
1070 4110 1166 4158 suam
1195 4109 1258 4158 nec
1292 4109 1366 4158 eam
1396 4090 1561 4175 cuiquam,

283 4197 350 4264 nisi
374 4198 432 4283 qui
455 4215 568 4266 secum
596 4198 639 4266 ad
669 4201 873 4266 senectutem
899 4216 1008 4283 usque
1031 4198 1179 4279 vixisset,
1204 4198 1330 4283 aperire
1359 4203 1559 4265 consuesse·

285 4306 327 4389 (c.
343 4302 400 4375 Ac.
416 4301 461 4370 III
483 4305 549 4391 43).
573 4304 631 4374 Ac.
646 4306 789 4391 primunr
821 4305 959 4389 quidem
990 4304 1244 4373 concedendum
1273 4309 1323 4372 est
1347 4305 1429 4372 haec
1451 4303 1562 4382 verba,

286 4411 348 4478 etsi
364 4410 573 4496 Augustinus
590 4410 742 4479 Tulliana
767 4409 869 4491 affert,
893 4415 1005 4479 tamen
1023 4430 1092 4478 non
1109 4411 1219 4479 solum
1233 4409 1429 4478 Ciceronem
1451 4411 1562 4495 ipsum

286 4517 347 4585 sed
371 4519 471 4585 etiarn
494 4517 677 4587 Varronem
702 4520 917 4603 pronuntiare
940 4519 1102 4605 potuisse.
1122 4583 1125 4588 ,
1150 4517 1217 4586 Sed
1246 4519 1311 4612 hoc
1339 4518 1562 4602 fragmentum

282 4623 470 4704 Ciceronis,
495 4643 569 4692 curn
594 4624 640 4710 ξς
656 4625 698 4691 37
723 4643 797 4710 sqq.
806 4626 983 4711 copiosius
1000 4626 1226 4694 demonstrata
1242 4624 1382 4692 breviter
1397 4625 1562 4709 complec-

284 4735 380 4809 tatur,
405 4749 492 4817 quae
516 4750 556 4799 ex
580 4731 701 4798 eodem
726 4749 802 4798 esse
826 4733 988 4818 exscripta
1011 4733 1110 4801 nobis
1133 4731 1362 4817 colligendum
1386 4736 1463 4811 erat,
1487 4747 1563 4799 curn
