3544 5320
840 408 1017 468 ..34-

284 613 420 680 tentias.
489 611 630 680 Dicebat
675 613 765 680 eninr
820 611 896 681 Nec'
914 613 1081 681 Arcesilae
1103 613 1272 681 calumnia
1294 613 1495 682 conterenda
1516 618 1567 682 est

288 738 434 787 rem...
460 720 502 787 ab
526 719 689 806 opinione
710 739 765 788 ve·
820 738 896 788 curn
930 720 1111 788 Democriti
1134 720 1343 788 verecundia.
1390 719 1430 788 Et
1453 724 1565 788 tamen

287 830 394 922 terum
410 826 668 894 remotissimam
684 825 765 895 Aca·
821 827 874 895 isti
917 827 1047 913 physici
1092 844 1164 894 raro
1203 825 1471 894 admodum
1511 846 1567 895 ex·

288 932 438 1001 demicos
477 951 586 1000 novos
625 936 765 1002 conatos
820 934 965 1002 clamant
980 935 1132 1002 abstrusa
1155 952 1230 1002 esse
1246 934 1371 1013 omnia,
1396 933 1478 1005 nihil
1502 953 1566 1004 nos

288 1039 455 1107 inducere.
501 1040 536 1106 ln
565 1058 667 1126 quarn
695 1059 765 1108 rem
821 1041 957 1121 sentire;
992 1041 1153 1108 maiorem
1187 1044 1296 1108 autem
1328 1043 1455 1127 partem
1483 1042 1566 1108 milri

287 1149 464 1215 veterum
509 1147 764 1234 physicorum
821 1147 959 1232 quidem
976 1165 1097 1215 omnes
1113 1148 1167 1215 isti
1179 1147 1332 1215 videntur
1347 1147 1448 1215 nimis
1465 1148 1564 1216 etiarn

286 1253 487 1340 implorabat
510 1253 633 1320 tidem.
652 1303 659 1320 .
678 1304 685 1320 .
704 1305 712 1320 .
821 1252 986 1338 quaedam
1011 1253 1183 1322 aliirmare.

301 1445 303 1451 ,
376 1375 452 1445 Hoc
475 1378 639 1463 imprimis
660 1377 888 1464 Augustinum
906 1376 1079 1446 Ciceronis
1104 1379 1301 1446 imitatorem
1327 1378 1447 1464 prodit,
1472 1376 1566 1464 quod
1683 1394 1686 1398 ·

288 1482 392 1551 modo
427 1501 510 1551 usus
544 1502 628 1551 voce
667 1484 809 1561 ,videri“
847 1484 958 1553 statim
989 1485 1132 1554 eandem
1157 1485 1300 1554 dicendo
1324 1488 1472 1572 repetere
1496 1502 1566 1552 non

284 1589 426 1658 dubitat.

375 1731 461 1799 Tum
487 1733 571 1800 inter
593 1749 630 1799 se
653 1736 888 1819 comparentur
911 1733 1006 1801 haec:

481 1876 508 1924 c.
525 1856 583 1925 Ac.
599 1857 623 1924 ll
649 1857 703 1923 16:
1152 1857 1210 1927 Ac.
1227 1857 1251 1925 ll
1274 1856 1360 1941 321).
1562 1937 1564 1942 ,

332 1983 412 2066 (16.)
455 1981 671 2049 Probabile
710 1982 819 2049 scisne
858 1983 900 2050 ab
1000 1982 1081 2070 (32.)
1105 1982 1231 2050 Volunt
1247 1982 1567 2069 enimprobabile

286 2090 369 2175 ipsis
393 2090 492 2157 etiam
524 2089 605 2156 veri
638 2089 768 2156 simile
792 2090 900 2155 nomi·
956 2089 1083 2175 aliquid
1115 2107 1190 2157 esse
1225 2092 1258 2156 et
1292 2090 1389 2173 quasi
1428 2089 1565 2157 verisi-

286 2196 379 2263 nari?
956 2197 1050 2263 mile
1074 2214 1182 2281 eaque
1206 2214 1243 2263 se
1266 2197 1312 2262 uti
1337 2196 1461 2282 regula.

376 2338 526 2424 Uterque
553 2341 678 2405 temere
705 2339 974 2424 probabilitatem
1003 2341 1138 2405 secutos
1167 2339 1210 2405 ab
1238 2338 1287 2404 eis
1315 2339 1471 2418 secernit,
1507 2338 1565 2423 qui

286 2450 467 2532 antequam
492 2463 566 2512 earn
592 2449 705 2513 essent
727 2445 842 2525 secuti,
866 2463 981 2512 secum
1006 2445 1275 2513 deliberaverint:

490 2589 517 2637 c.
533 2569 591 2637 Ac.
608 2569 701 2656 1120:
1177 2569 1235 2636 Ac.
1253 2569 1342 2636 1135:

332 2678 449 2762 Longe
473 2678 556 2744 mihi
578 2677 708 2744 videtur
728 2676 900 2743 dissimilis
1000 2675 1104 2758 Quod
1127 2680 1177 2744 est
1199 2677 1299 2762 igilur
1320 2675 1403 2743 illud
1419 2679 1564 2743 vestrum

287 2783 565 2851 Academicorum
588 2783 723 2852 cautio
740 2784 782 2850 ab
800 2783 900 2849 huius
955 2783 1152 2868 probabile?
1186 2783 1274 2850 Nam
1291 2783 1318 2850 si
1336 2783 1429 2869 quod
1444 2784 1565 2869 cuique

288 2909 390 2977 quem
426 2890 632 2974 descripsisti
667 2890 802 2975 ineptia.
853 2889 899 2956 llll
955 2889 1094 2958 occurrit
1116 2893 1150 2956 et
1172 2891 1281 2974 primo
1309 2890 1405 2975 quasi
1429 2893 1564 2974 aspectu

288 2999 378 3066 enirn
410 2997 635 3064 rationibus
665 2999 899 3082 assequuntur,
955 2997 1131 3082 probabile
1142 2996 1282 3076 videtur,
1296 2996 1329 3063 id
1342 2996 1565 3076 conlirmatur,

285 3103 383 3190 quod
417 3103 532 3171 dicunt
570 3120 644 3170 esse
678 3103 746 3169 veri
781 3103 899 3170 simile.
956 3103 1038 3190 quid
1066 3121 1107 3170 eo
1135 3103 1288 3170 levius?
1316 3154 1324 3169 .
1349 3153 1391 3170 ..
1431 3101 1490 3170 Sin
1526 3120 1567 3169 ex

286 3212 351 3279 iste
386 3213 497 3278 autem
530 3210 664 3295 ineptus
690 3209 900 3276 iamamse·
956 3209 1321 3295 circumspectione
1372 3209 1484 3295 aliqua
1535 3212 1567 3276 et

286 3322 403 3384 cutus
420 3320 482 3397 est,
497 3316 593 3384 cuius
607 3316 799 3383 auctoritate
818 3315 900 3382 nihil
956 3320 1106 3384 accurata
1119 3315 1461 3396 consideratione,
1475 3315 1567 3399 quod

285 3429 340 3492 est
367 3424 492 3491 vilius
613 3422 710 3489 Tales
737 3425 816 3489 sunt
844 3424 902 3508 qui
955 3424 1065 3490 visum
1090 3424 1142 3504 sit,
1170 3422 1204 3488 id
1228 3441 1265 3488 se
1294 3421 1405 3488 dicent
1433 3423 1567 3506 sequi,

286 3529 418 3597 dicunt:
442 3547 557 3596 verum
583 3529 719 3615 quidem
748 3547 817 3596 non
841 3547 901 3595 no·
956 3532 1069 3596 tamen
1086 3529 1210 3595 exitum
1227 3546 1297 3595 non
1314 3529 1487 3596 habebunt
1508 3580 1515 3593 .
1533 3579 1566 3593 ..

285 3638 412 3716 vimus3
437 3635 498 3704 sed
523 3636 598 3716 hoc,
623 3635 716 3720 quod
737 3635 901 3715 videmus,
956 3635 1001 3704 Ut
1017 3686 1050 3704 ..
1076 3635 1214 3702 exsistat
1244 3634 1386 3718 aliquid,
1419 3634 1511 3720 quod
1535 3637 1568 3701 et

285 3745 377 3824 eius,
416 3742 511 3829 quod
545 3760 614 3809 non
651 3743 822 3824 novimus,
858 3743 901 3809 si·
956 3743 1024 3810 veri
1048 3742 1157 3809 simile
1172 3741 1323 3809 videatur
1339 3745 1371 3807 et
1387 3742 1473 3809 absit
1496 3742 1567 3808 lon·

289 3850 369 3918 mile
392 3853 453 3917 est.
957 3849 1096 3934 gissime
1120 3867 1139 3916 a
1162 3867 1251 3920 vero.

380 3991 478 4073 Quae
503 3993 545 4060 ab
568 3991 759 4076 Augustino
783 4011 810 4060 c.
828 3991 885 4060 Ac.
902 3991 979 4058 1122
1003 3992 1231 4077 explanantur,
1261 4010 1280 4058 a
1308 3991 1444 4058 materia
1473 3993 1569 4058 antea

287 4101 424 4174 tractata
463 4097 703 4184 digrediuntur.
787 4098 854 4166 Sed
893 4099 1075 4166 sententias
1113 4099 1238 4166 ibidem
1278 4098 1448 4183 expositas
1493 4115 1568 4165 esse

291 4204 463 4273 Ciceronis
486 4205 627 4289 liquebit
651 4224 692 4271 ex
715 4205 777 4273 hac
800 4205 1064 4290 comparatione:
1084 4271 1087 4276 .

424 4365 453 4414 c.
469 4345 526 4414 Ac.
543 4347 633 4414 1122:
1069 4345 1139 4413 Cic.
1155 4346 1228 4412 Fin.
1246 4346 1327 4413 147:

335 4472 388 4539 De
412 4473 543 4539 animo
567 4490 619 4539 res
646 4472 769 4558 agitur:
871 4489 1023 4542 ...ne
1075 4472 1379 4556 temperantiam
1431 4469 1568 4555 quidem

290 4580 349 4665 qui
400 4597 437 4646 se
487 4582 768 4664 superaturum
825 4583 960 4664 propter
990 4596 1026 4644 se
1057 4577 1278 4662 expetendam
1309 4595 1384 4644 esse
1407 4577 1570 4656 dicemus,

381 4811 404 4880 ¹)
422 4809 607 4883 significatum
625 4824 641 4865 a
660 4809 800 4865 Woertero
819 4825 881 4882 pag.
896 4809 931 4864 90
950 4824 1000 4879 sq..
