3544 5320
761 408 940 484 ..314-

228 729 231 734 ,
368 603 625 737 ¹eſsueuug
882 623 884 628 ’
1000 606 1286 737 aerina:
1389 607 1391 610 ’

228 754 345 844 ,Ιηᾱε
389 757 674 842 dissensiones
713 754 821 840 philo·
923 738 1491 830 ..Potiusdedissensionibus

205 862 822 951 ‘sophorumindesens'uumlallaciae,
876 861 976 928 tantis
1011 878 1218 927 summorum
1246 859 1392 954 virorum
1425 858 1491 926 dis·

203 970 286 1038 inde
310 970 534 1055 pseudomeni
558 973 589 1054 et
614 969 734 1037 soritae
743 971 767 1052 ¹)
783 969 822 1035 in·
877 975 1036 1047 seramus,
1083 985 1184 1051 quam
1231 965 1273 1033 de
1317 949 1491 1032 oculorum

204 1076 322 1162 illius
383 1095 528 1144 causae
592 1075 821 1162 patrocinio
877 1072 1108 1158 sensuumque
1130 1073 1333 1159 reliquorum
1351 1072 1489 1139 menda·

202 1183 431 1269 viguerunt.
612 1199 615 1205 ·
662 1166 667 1234 f
760 1176 762 1180 ’
876 1177 1490 1274 ciis,etdesoriteautpseudomenoll,

877 1306 963 1373 quas
1003 1287 1121 1373 plagas
1160 1285 1238 1370 ipsi
1274 1288 1410 1353 contra
1443 1290 1490 1352 's'e

876 1394 1007 1463 Stoici
1029 1395 1254 1461 texuerunt.

295 1501 459 1570 Videmus
482 1502 582 1588 igitur
604 1504 625 1586 ᾗ
651 1503 687 1569 11
715 1501 859 1570 breviter
881 1519 956 1569 esse
980 1500 1234 1586 comprehensa,
1259 1516 1346 1584 quae
1370 1500 1489 1583 postea

202 1609 422 1696 explicantur,
454 1627 562 1695 eaque
592 1627 669 1676 cum
682 1607 856 1676 Ciceronis
883 1607 1093 1676 Academicis
1116 1608 1225 1674 tantas
1254 1604 1489 1681 similitudines

204 1717 377 1803 praebere,
403 1719 439 1783 ut
461 1717 535 1802 ipsa
559 1734 697 1802 quoque
720 1715 800 1782 inde
825 1717 960 1800 sumpta
983 1731 1058 1781 esse
1082 1715 1250 1800 sequatur.

294 1841 393 1910 Nunc
416 1841 610 1927 inspiciatur
633 1841 715 1908 haec
738 1839 960 1925 comparatio:
1044 1855 1045 1858 ¹
1235 1891 1237 1894 .

367 1964 586 2033 emim:
705 1971 802 1978 ”
919 1961 1272 2030 ’ΝπΜωΗι

250 2089 339 2160 Hinc
369 2091 419 2159 eis
433 2097 435 2101 '
449 2091 585 2158 invidia
612 2095 738 2176 'magna
840 2089 909 2172 Qui
933 2092 1044 2156 autem
1068 2088 1228 2155 mirantur
1243 2104 1307 2153 nos
1324 2086 1410 2153 hanc
1426 2103 1486 2170 po·-

198 2198 349 2266 conllata
366 2201 431 2278 est;
453 2197 628 2265 videbatur
648 2183 742 2264 enimw
794 2198 961 2264 tissimum
997 2195 1209 2281 disciplinam
1246 2195 1389 2273 secutos
1425 2193 1486 2259 his

207 2323 282 2373 esse
305 2309 530 2391 consequens,
566 2307 602 2371 ut
634 2304 738 2371 nihil
795 2300 1486 2391 quattuorllcademicislibrissalis

200 2414 354 2498 ageret,
380 2411 447 2497 qui
471 2411 572 2477 nihil
588 2429 737 2497 appro·
794 2428 994 2498 responsum
1011 2408 1151 2476 videtur.
1188 2407 1260 2493 (12)
1287 2407 1358 2475 Nec
1373 2409 1485 2500 tamen

205 2519 324 2585 baret.
360 2516 489 2585 ...Hic
505 2518 552 2585 illi
573 2517 738 2584 inducto
793 2519 864 2587 lieri
882 2520 1001 2604 potest,
1019 2518 1063 2595 ut,
1081 2515 1138 2600 qui
1155 2513 1218 2580 hac
1233 2514 1362 2581 ratione
1375 2513 1485 2598 philo·

206 2625 377 2711 quodam
425 2623 629 2710 probabili
683 2623 736 2712 (ci.
793 2625 988 2712 sophantur,
1012 2623 1035 2688 ii
1059 2621 1141 2688 nihil
1165 2621 1355 2700 habeant,
1379 2621 1485 2707 quod

199 2730 307 2799 Acii
333 2730 410 2799 105:
446 2731 582 2798 inducto
617 2732 737 2818 proba·
794 2733 1030 2819 sequantur:
1054 2728 1210 2797 Dictum
1235 2730 1297 2794 est
1317 2727 1485 2794 omnino

205 2839 278 2922 bili)
319 2839 413 2906 nullo
459 2838 564 2905 modo
606 2856 737 2907 cessare
794 2834 1483 2919 hacderealiolocodiligentius.

198 2945 391 3032 sapientem
438 2947 480 3013 ab
526 2945 638 3013 oliicio
677 2945 735 3012 ad·
792 2945 871 3013 Non
906 2945 996 3012 enim
1031 2961 1149 3012 sumus
1176 2942 1209 3022 ii,
1247 2941 1369 3027 quibus
1402 2941 1484 3006 nihil

197 3054 373 3132 serebant,
428 3071 504 3120 cum
556 3053 735 3132 haberet,
791 3070 907 3119 verum
924 3070 1000 3119 esse
1015 3049 1175 3129 videatur,
1196 3047 1256 3116 sed
1281 3048 1314 3127 ii,
1339 3047 1395 3132 qui
1411 3065 1483 3114 om-

198 3159 300 3244 -quid
333 3163 580 3245 sequeretur;
615 3159 735 3226 veritas
792 3160 893 3226 nibus
915 3159 1001 3226 veris
1025 3157 1107 3224 falsa
1131 3155 1298 3241 quaedam
1327 3154 1483 3222 adiuncta

205 3268 315 3334 autem
347 3267 416 3334 sive
440 3269 575 3352 propter
597 3267 736 3332 naturae
792 3284 868 3334 esse
897 3265 1048 3332 dicamus
1075 3265 1166 3330 tanta
1199 3261 1482 3341 similitudine,

195 3374 390 3440 tenebras
440 3372 615 3459 quasdam,
666 3372 736 3440 sive
791 3376 828 3440 ut
858 3374 892 3439 in
921 3373 961 3439 iis
985 3371 1075 3439 nulla
1103 3371 1180 3437 insit
1203 3371 1289 3437 certa
1313 3368 1482 3436 iudicandi

203 3483 338 3566 propter
398 3479 734 3547 similitudinem
791 3483 880 3547 nota.
905 3479 954 3545 Ex
967 3496 1035 3564 quo
1048 3477 1171 3544 exstitit
1184 3475 1276 3552 illud,
1290 3476 1394 3543 multa
1407 3494 1483 3544 esse

196 3605 310 3654 rerum
327 3588 380 3654 vel
396 3588 539 3678 obruta
555 3585 616 3654 vel
640 3604 734 3653 con·
791 3585 1035 3674 probabilia,
1053 3601 1140 3670 quae
1153 3600 1358 3668 quamquam
1377 3584 1483 3650 ...iis

203 3694 293 3761 fusa
316 3694 506 3761 latitaret.
790 3691 1308 3780 sapientisvitaregeretur.
1336 3689 1483 3776 (13)Sed

248 3801 317 3886 (ll)
336 3853 342 3866 .
358 3852 386 3868 ..
407 3801 473 3868 hoc
487 3801 630 3886 (verum)
643 3818 734 3884 pror·
791 3801 869 3880 iam,
900 3801 936 3866 ut
966 3798 1060 3865 omni
1085 3814 1138 3863 me
1167 3795 1305 3863 invidia
1333 3796 1482 3894 liberem,

193 3924 261 3974 :sus
277 3925 346 3974 non
360 3925 463 3993 posse
479 3907 619 3975 inveniri
634 3907 734 3973 vehe·
791 3925 916 3992 ponam
930 3907 964 3972 in
978 3905 1090 3972 medio
1103 3903 1286 3970 sententias
1300 3904 1481 3988 philoso-

202 4014 413 4081 mentissime
436 4016 472 4080 ut
488 4014 732 4095 convincerent,
790 4015 956 4100 phorum
974 4063 981 4077 .
1000 4063 1032 4078 ..
1079 4009 1164 4076 Tum
1193 4009 1329 4077 demum
1360 4028 1483 4096 procax

202 4119 434 4188 incubuerunt.
473 4121 552 4188 Inde
577 4121 733 4187 dissen-
789 4121 871 4187 mihi
883 4118 1064 4186 Academia
1080 4115 1254 4196 videbitur,
1271 4117 1299 4184 si
1317 4119 1374 4184 aut
1390 4135 1481 4184 con·

202 4227 341 4295 siones
397 4228 733 4313 philosophorum
790 4226 991 4295 senserint
1019 4240 1138 4291 omnes
1162 4225 1220 4290 aut
1242 4224 1304 4291 erit
1328 4224 1482 4292 inventus

195 4337 275 4412 ¹(etc.
293 4337 328 4400 ut
351 4335 482 4422 supral)
789 4333 920 4418 aliquis,
943 4331 1001 4417 qui
1012 4331 1094 4417 quid
1106 4349 1220 4398 verum
1234 4331 1286 4410 sit,
1309 4331 1480 4399 invenerit.

788 4443 846 4508 Ac.
874 4439 898 4506 ll
932 4439 990 4504 61:
1037 4439 1137 4505 tantis
1177 4437 1326 4504 oiiusis
1372 4440 1480 4505 tene·

788 4547 884 4627 bris;
918 4545 1072 4628 (11122):
1108 4545 1233 4613 latent
1264 4545 1326 4611 ista
1354 4544 1479 4611 omnia.

290 4741 366 4809 1lci.
389 4739 531 4797 Ciceronis
553 4741 692 4797 Hortensii
719 4739 810 4797 fras:
843 4739 924 4804 ,Tum
952 4739 1206 4810 pseudomenon
1234 4740 1261 4794 et
1288 4740 1427 4794 soritam
1452 4740 1481 4795 et
1515 4762 1517 4766 ·

200 4829 285 4884 totam
305 4831 472 4887 dialecticam
491 4833 538 4887 aut
556 4831 648 4886 illudls
666 4833 712 4887 aut
731 4833 882 4900 increpas·
