3544 5320
850 433 1027 492 -50-

299 638 351 702 est
367 633 424 703 Ac.
443 633 467 702 ll
485 634 675 722 77¹):',1le
692 635 823 719 (Zeno)
840 636 939 704 credo
956 637 1039 704 nihil
1055 639 1268 724 opinaturum
1290 637 1349 724 (sc.
1370 638 1581 725 sapientem),

300 741 461 828 quoniam
487 742 702 833 essetquod
726 743 852 828 percipi
876 747 1002 829 posset.
1020 745 1103 831 quid
1125 763 1206 831 ergo
1230 745 1396 813 idesset?
1429 746 1577 824 ,visum“

298 848 411 922 credo.
456 849 576 934 ,quale
609 849 709 936 igitur
731 847 884 918 visum?“
916 852 986 917 tum
1018 851 1110 919 illum
1142 853 1187 920 ita
1218 851 1391 920 definisse:
1416 901 1580 924 .......

300 958 378 1040 post
410 956 604 1040 requisitum
635 956 780 1023 etiamne
811 957 839 1023 si
870 957 1038 1025 eiusmodi
1072 961 1162 1026 esset
1190 957 1300 1025 visum
1328 976 1443 1025 verum
1480 959 1579 1044 quale

298 1061 352 1128 vel
389 1061 532 1129 falsum?
583 1061 648 1130 llic
681 1061 880 1130 Zenonem
913 1062 1140 1132 vidisse...
1177 1065 1306 1131 nullum
1348 1082 1423 1132 esse
1457 1065 1581 1146 visum,

299 1169 393 1254 quod
417 1169 541 1255 percipi
559 1172 685 1253 posset,
710 1170 738 1236 si
762 1169 796 1236 id
819 1170 884 1238 tale
908 1172 1061 1238 essetab
1086 1189 1127 1239 eo
1152 1171 1245 1258 quod
1268 1174 1328 1252 est,
1352 1174 1389 1238 ut
1411 1171 1578 1238 eiusmodi

298 1276 416 1356 abeo,
440 1275 533 1361 quod
549 1293 618 1342 non
634 1279 694 1356 est,
720 1279 835 1362 posset
857 1294 942 1344 esse.
976 1280 1082 1344 recte
1106 1279 1313 1345 consensit
1345 1265 1574 1346 Arcesilas.“

297 1381 429 1450 Deinde
465 1382 558 1468 quod
592 1385 669 1472 post
697 1382 789 1449 illum
820 1383 991 1469 dialogum
1020 1384 1104 1451 inter
1131 1384 1306 1451 Zenonem
1339 1387 1374 1452 et
1394 1383 1575 1452 Arcesilam

297 1489 396 1574 quasi
419 1488 570 1555 habitum
595 1507 622 1556 c.
645 1486 702 1556 Ac.
727 1487 748 1554 l.
772 1507 802 1554 a.
819 1487 1028 1557 Academicis
1058 1491 1242 1577 opponitur
1264 1491 1390 1558 verbis:
1430 1491 1576 1573 ,Quam-

297 1612 399 1681 quam
425 1597 457 1662 et
480 1595 545 1680 ipsi
570 1595 671 1663 stulto
696 1595 779 1662 nihil
803 1595 997 1681 responderi
1021 1615 1122 1682 posse
1152 1597 1297 1677 arbitror,
1331 1597 1359 1664 si
1387 1597 1447 1664 tibi
1478 1597 1574 1678 dicat,

299 1706 335 1769 ut
358 1700 416 1768 illo
440 1703 650 1770 memorabili
666 1703 848 1770 acumine
871 1705 930 1770 tuo
954 1704 1039 1770 hanc
1056 1703 1164 1789 ipsam
1180 1703 1328 1771 Zenonis
1342 1702 1574 1772 definitionem

297 1808 453 1876 refellas.
472 1815 513 1889 .“,
538 1810 611 1877 eius
639 1809 749 1876 simile
779 1810 951 1895 quoddam
983 1811 1142 1895 scriptum
1173 1811 1364 1878 invenimus
1387 1809 1444 1878 Ac.
1469 1810 1493 1876 ll
1521 1811 1576 1878 16:

240 1948 242 1953 ·
300 1966 418 1993 ,....
450 1916 545 1984 cuius
577 1914 794 2000 (Arcesilae).
814 1967 847 1983 ..
884 1917 965 1984 ratio
1000 1917 1162 1984 floruit..
1194 1917 1375 1984 acumine
1412 1918 1576 2004 ingenii“;

296 2041 384 2109 quae
408 2023 589 2090 consensio
613 2023 854 2090 vocabulorum
886 2041 928 2090 eo
958 2024 1040 2090 mihi
1064 2024 1192 2091 videtur
1225 2042 1299 2092 esse
1334 2024 1574 2104 memorabilis,

294 2129 388 2214 quod
417 2148 435 2196 a
463 2129 601 2196 Lucullo
630 2147 767 2214 quoque
796 2129 860 2197 isto
892 2131 1083 2207 „acumine“
1115 2131 1219 2198 modo
1249 2129 1400 2198 adhibito
1427 2131 1575 2199 Zenonis

295 2237 446 2304 definitio
471 2237 505 2303 in
529 2236 550 2322 ἓ
578 2236 618 2302 17
640 2238 803 2302 tractatur.

385 2343 462 2425 Qua
491 2343 687 2409 delinitione
715 2345 903 2428 utmmque,
932 2348 967 2410 ut
989 2343 1265 2412 Academicorum
1295 2343 1462 2411 decretum
1492 2344 1579 2411 nihil

295 2449 500 2535 percipiendi
523 2449 746 2529 labefactetur,
771 2450 841 2535 pari
865 2451 969 2517 modo
993 2451 1039 2517 uti
1063 2451 1156 2518 vides
1180 2451 1232 2517 his
1255 2451 1470 2535 comparatis:

386 2593 414 2642 c.
430 2573 487 2641 Ac.
511 2574 548 2641 lll
571 2575 624 2640 21:
1076 2575 1138 2642 Ac.
1162 2574 1186 2642 ll
1210 2574 1269 2641 43:

340 2699 406 2768 Sed
427 2699 479 2766 fac
495 2699 584 2766 illam
602 2698 719 2766 cedere
758 2697 761 2702 '
821 2698 913 2782 Quid
925 2699 1014 2766 enim
1029 2702 1139 2784 agant,
1153 2700 1192 2779 si,
1206 2718 1281 2766 cum
1295 2699 1419 2784 aliquid
1434 2700 1571 2767 definie-

293 2806 458 2874 versutiae
494 2809 582 2872 tuae.
639 2805 720 2874 Utar
775 2806 848 2886 rint,
866 2811 962 2891 roget
978 2825 1038 2873 eos
1054 2807 1233 2892 quisqiam‚
1251 2825 1331 2873 num
1348 2806 1403 2874 illa
1421 2806 1571 2874 delinitio

291 2913 528 3006 complexione
549 2912 718 2979 securissi·
775 2913 882 2998 possit
906 2914 940 2979 in
957 2913 1056 2981 aliam
1080 2931 1148 2980 rem
1172 2913 1337 2979 transferri
1355 2912 1572 2998 quamlubet?

293 3039 358 3087 ma.
379 3018 453 3087 Aut
469 3020 559 3086 enim
576 3037 653 3084 vera
670 3020 720 3085 est
775 3019 807 3085 si
824 3037 928 3104 posse
944 3020 1094 3099 dixerint,
1112 3019 1193 3104 quid
1211 3019 1318 3085 dicere
1336 3019 1490 3099 babeant,
1515 3039 1573 3086 cur

293 3124 717 3212 autlalsa(sc.deiinitio):
774 3125 829 3192 illa
867 3145 943 3193 vera
983 3126 1132 3192 delinitio
1172 3126 1240 3192 sit?
1292 3126 1324 3191 si
1364 3127 1570 3211 negaverint,

291 3234 326 3300 si
342 3251 429 3312 vera,
446 3233 533 3300 bene
548 3234 663 3313 teneo;
685 3232 718 3298 si
773 3232 943 3300 fatendum
972 3234 1024 3313 sit,
1054 3233 1213 3318 quoniam
1240 3251 1392 3299 ...vera
1419 3231 1570 3300 delinitio

290 3338 717 3424 falsapotestaliquidper·
773 3341 939 3407 transferri
963 3358 1032 3406 non
1057 3339 1163 3424 possit
1189 3339 1223 3405 in
1251 3338 1384 3418 falsum,
1409 3339 1501 3423 quod
1531 3357 1570 3406 ea

290 3447 374 3532 cipi,
408 3447 505 3514 etiam
536 3447 564 3513 si
597 3447 718 3513 habeat
773 3447 968 3514 definitione
996 3446 1190 3532 explicetur,
1225 3445 1260 3511 id
1295 3445 1418 3531 percipi
1451 3463 1569 3530 posse;

293 3555 485 3621 communia
516 3554 614 3639 signa
641 3572 717 3621 cum
773 3554 865 3640 quod
889 3553 1027 3619 minime
1052 3553 1097 3619 illi
1121 3553 1247 3619 volunt.

289 3661 387 3728 falsu.

404 3804 431 3852 c.
448 3784 505 3852 Ac.
530 3785 599 3853 ib.:
1089 3783 1151 3851 Ac.
1176 3784 1240 3850 ib:

335 3908 449 3994 ltaque
465 3910 713 3995 comprehensi·
814 3907 1037 3975 Definitiones
1054 3958 1061 3973 .
1080 3959 1088 3974 .
1105 3959 1111 3972 .
1130 3907 1303 3975 fidentium
1319 3908 1369 3974 est
1392 3907 1567 3974 hominum

288 4015 414 4084 bilibus
450 4020 585 4084 rebus.
618 4068 626 4084 .
657 4017 713 4082 de·
769 4015 824 4082 illa
836 4033 912 4081 vera
925 4017 957 4080 et
973 4013 1069 4080 firma
1082 4017 1113 4081 et
1125 4017 1212 4082 certa
1226 4031 1299 4082 esse
1312 4032 1398 4099 quae
1410 4016 1567 4095 tutentur,

286 4120 397 4190 finitio
421 4126 479 4190 est.
770 4140 838 4188 non
856 4140 982 4202 eorum,
999 4121 1057 4206 qui
1081 4120 1224 4187 clament
1240 4120 1345 4187 nihilo
1364 4121 1474 4206 magis
1490 4138 1568 4187 vera

770 4228 826 4294 illa
849 4245 923 4294 esse
948 4246 1050 4313 quam
1074 4227 1169 4294 falsa.
1371 4235 1375 4239 “

379 4353 594 4438 Quamquam
630 4353 682 4418 his
719 4353 849 4419 collatis
884 4353 1097 4437 perspicuum
1134 4354 1184 4418 est
1211 4349 1436 4436 Augustinum
1468 4350 1567 4419 valde

288 4459 435 4545 pendere
463 4479 504 4527 ex
528 4458 699 4539 Cicerone,
727 4462 839 4525 tamen
869 4458 902 4523 in
926 4460 947 4540 ς
971 4459 1010 4524 21
1039 4457 1093 4524 ille
1118 4458 1290 4524 subtiliora
1321 4475 1423 4542 quam
1451 4461 1568 4525 auctor

289 4568 323 4632 in
347 4566 449 4633 Acad.
474 4567 558 4633 libro
585 4566 622 4632 ll.
655 4566 820 4651 praebens
844 4568 939 4632 acute
963 4563 1145 4631 concludit:
1184 4564 1341 4640 ,Prorsus
1372 4582 1437 4648 ego
1473 4565 1564 4630 illam

378 4743 400 4810 1)
429 4744 488 4799 llos
516 4744 586 4798 duos
616 4743 691 4799 locos
719 4743 788 4796 inter
815 4755 845 4796 se
873 4756 1023 4812 congruere
1051 4742 1237 4796 indicaverunt
1263 4739 1403 4800 Kriscbius
1429 4754 1492 4810 pag,
1508 4739 1565 4794 -187

287 4835 316 4888 et
334 4833 421 4887 leder
438 4848 499 4904 pag.
519 4833 561 4888 22.
