3544 5320
791 1146 901 1252 Vita
940 1151 1167 1254 auctoris.

927 1355 1034 1387 ..0.-

430 1481 538 1548 Natus
561 1498 636 1547 sum
659 1478 793 1548 Paulus
816 1477 1004 1548 Dreurniok
1034 1479 1088 1548 die
1110 1481 1209 1548 tertio
1238 1479 1369 1549 decimo
1398 1481 1525 1549 mensis
1548 1480 1619 1548 Mai

334 1607 371 1656 a.
392 1587 476 1655 1888
501 1588 534 1654 in
557 1587 631 1655 vico
655 1586 795 1656 Silesiae
811 1586 1010 1672 Superioris,
1033 1587 1088 1657 cui
1112 1605 1238 1655 nomen
1262 1591 1312 1655 est
1334 1587 1619 1663 Bismurctrhdtte,

341 1697 435 1780 patre
468 1691 637 1779 adolpho,
673 1711 775 1778 quem
810 1694 933 1761 abhinc
967 1693 1119 1780 quinque
1151 1712 1260 1762 annos
1295 1695 1478 1780 improvisa
1512 1696 1619 1762 morte

342 1803 516 1886 abreptum
532 1799 630 1868 valde
646 1800 759 1887 luge0,
784 1803 888 1867 matre
909 1799 1015 1876 lulio,
1040 1803 1175 1887 egente
1194 1799 1358 1878 Stolitza,
1381 1819 1469 1885 quae
1491 1801 1618 1868 utinam
1709 1867 1710 1876 χ

341 1909 466 1976 multos
482 1925 592 1975 annos
609 1907 691 1974 mihi
715 1909 871 1974 servetur.
910 1905 1027 1974 Fidem
1044 1907 1204 1992 profiteor
1226 1907 1435 1977 catholicam.
1456 1907 1485 1975 Α
1500 1926 1621 1994 paren·

340 2015 431 2088 tibus
456 2013 626 2082 domicilio
655 2015 690 2081 in
713 2012 889 2100 oppidum,
917 2013 1011 2098 quod
1034 2016 1172 2082 vocatur
1192 2013 1432 2099 Kduigslrdtte,
1460 2014 1618 2083 translato

343 2122 510 2189 literarum
546 2120 736 2206 primordiis
770 2121 943 2188 institutus
975 2121 1120 2206 primum
1156 2121 1203 2188 ibi
1238 2121 1454 2208 gymnasium
1488 2122 1617 2208 regium

332 2228 557 2312 *frequentavi
582 2225 705 2295 deinde
723 2225 875 2309 Plesnae,
899 2228 958 2296 ubi
974 2246 1051 2296 vere
1075 2247 1104 2295 a.
1124 2228 1209 2295 1908
1231 2228 1461 2295 testimonium
1486 2230 1617 2297 maturi·

340 2335 417 2403 tatis
433 2334 576 2420 adeptus
591 2352 678 2402 sum.
717 2331 767 2401 Ex
782 2333 847 2402 illis
869 2335 1080 2420 temporibus
1104 2335 1146 2403 ad
1162 2334 1273 2403 studia
1289 2334 1496 2422 philologica
1520 2338 1618 2419 atque

341 2440 498 2509 historica
522 2442 557 2508 in
580 2440 827 2510 universitatem
843 2439 1144 2511 Vratislaviensem
1168 2461 1223 2510 me
1246 2441 1382 2510 contuli.

429 2547 625 2615 Docuerunt
635 2566 690 2616 me
701 2548 762 2615 viri
773 2547 972 2616 doctissimi:
985 2547 1249 2635 Buumgartner,
1261 2548 1618 2624 Cidzortusfoerster,

341 2653 480 2730 Gercke,
513 2653 694 2739 Kampers,
726 2654 827 2729 Κοιή,
859 2653 1096 2730 Kithnemunn,
1128 2655 1251 2742 Preuss,
1285 2655 1413 2736 δάκεν,
1443 2654 1618 2731 Sdzrader,

337 2760 484 2829 Skutsdz
500 2765 533 2845 †,
555 2760 747 2830 Volkmann
764 2764 796 2844 †,
825 2759 1026 2838 Wandland,
1057 2761 1204 2848 Ziegler.
1252 2761 1486 2832 Proseminarii
1510 2762 1618 2849 philo-

341 2869 442 2955 logici
466 2868 594 2937 sodalis
616 2869 664 2937 tui
687 2887 747 2954 per
769 2871 929 2953 quattuor
951 2869 1133 2949 semestria,
1156 2869 1325 2936 seminarii
1347 2869 1544 2956 philologici
1560 2889 1620 2955 per

342 2975 411 3043 duo
441 2977 614 3045 semestria
647 2976 899 3044 moderantibus
927 2975 1117 3051 Foerstero,
1149 2975 1300 3051 (tarutio,
1331 2974 1520 3044 Skutsdrio.
1566 2976 1618 3045 nd

340 3082 511 3151 seminarii
534 3084 690 3165 historici,
721 3081 976 3169 archaeologici‚
999 3083 1225 3168 philosophici
1255 3084 1506 3151 exercitationes
1536 3083 1617 3152 libe·
1709 3135 1710 3138 ,

341 3190 449 3258 raliter
471 3209 526 3258 me
549 3190 755 3258 admiserunt
779 3190 961 3264 Ctdzorius,
984 3190 1150 3265 Foerster,
1173 3189 1435 3274 Buumgartner.

430 3295 565 3378 Quibus
575 3296 822 3382 professoribus
835 3297 994 3365 omnibus
1005 3297 1167 3365 maximas
1178 3297 1302 3383 gratias
1313 3296 1432 3365 debeo.
1453 3297 1618 3384 imprimis

341 3420 420 3469 vero
443 3404 596 3470 melitam
620 3403 838 3488 debitamque
860 3404 1001 3489 gratiam
1024 3400 1168 3488 Alsredo
1191 3403 1315 3472 (ierobe
1338 3404 1453 3485 refero,
1482 3404 1539 3489 qui
1562 3422 1617 3471 me

342 3526 418 3575 cum
443 3509 486 3576 ad
510 3509 596 3577 hanc
619 3500 938 3577 commentationem
963 3509 1239 3578 conscribendam
1264 3511 1411 3578 incitavit
1433 3513 1504 3577 tum
1524 3510 1616 3578 iden·

340 3614 442 3682 tidem
469 3616 715 3702 praecipueque
743 3617 778 3683 in
802 3634 842 3683 ea
865 3616 1073 3684 conficienda
1098 3634 1231 3684 summa
1259 3615 1493 3684 benevolentia
1515 3620 1616 3702 atque

340 3721 482 3790 consilio
511 3720 646 3790 adiuvit.
693 3721 769 3792 Hoc
797 3723 854 3810 pio
883 3724 998 3792 animo
1027 3723 1164 3791 memini
1192 3740 1394 3810 semperque
1422 3724 1617 3792 meminero.
