<?xml version="1.0" encoding="UTF-8"?>
<!DOCTYPE html PUBLIC "-//W3C//DTD XHTML 1.0 Transitional//EN"
    "http://www.w3.org/TR/xhtml1/DTD/xhtml1-transitional.dtd">
<html xmlns="http://www.w3.org/1999/xhtml" xml:lang="en" lang="en">
 <head>
  <title>
</title>
<meta http-equiv="Content-Type" content="text/html;charset=utf-8" />
  <meta name='ocr-system' content='tesseract 3.04.00' />
  <meta name='ocr-capabilities' content='ocr_page ocr_carea ocr_par ocr_line ocrx_word'/>
</head>
<body>
  <div class='ocr_page' id='page_1' title='image "./deaugustinicont00drewgoog_0066.png"; bbox 0 0 3544 5320; ppageno 0'>
   <div class='ocr_carea' id='block_1_1' title="bbox 33 791 35 820">
    <p class='ocr_par' dir='ltr' id='par_1_1' title="bbox 33 791 35 820">
     <span class='ocr_line' id='line_1_1' title="bbox 33 791 35 820; baseline 0 0"><span class='ocrx_word' id='word_1_1' title='bbox 33 791 35 820; x_wconf 87' lang='lat' dir='ltr'><strong>l</strong></span> 
     </span>
    </p>
   </div>
   <div class='ocr_carea' id='block_1_2' title="bbox 439 604 1258 675">
    <p class='ocr_par' dir='ltr' id='par_1_2' title="bbox 439 604 1258 675">
     <span class='ocr_line' id='line_1_2' title="bbox 439 604 1258 675; baseline 0 -1"><span class='ocrx_word' id='word_1_2' title='bbox 439 625 466 674; x_wconf 93' lang='lat' dir='ltr'><strong>c.</strong></span> <span class='ocrx_word' id='word_1_3' title='bbox 482 606 551 675; x_wconf 75' lang='lat' dir='ltr'><strong>Ac:</strong></span> <span class='ocrx_word' id='word_1_4' title='bbox 1064 606 1126 674; x_wconf 87' lang='lat' dir='ltr'><strong>Ac.</strong></span> <span class='ocrx_word' id='word_1_5' title='bbox 1149 604 1179 674; x_wconf 90' lang='grc' dir='ltr'>Π</span> <span class='ocrx_word' id='word_1_6' title='bbox 1201 605 1258 674; x_wconf 86' lang='grc'><strong>29;</strong></span> 
     </span>
    </p>
   </div>
   <div class='ocr_carea' id='block_1_3' title="bbox 184 730 1471 1439">
    <p class='ocr_par' dir='ltr' id='par_1_3' title="bbox 184 730 1471 1350">
     <span class='ocr_line' id='line_1_3' title="bbox 233 730 1469 816; baseline -0.001 -18"><span class='ocrx_word' id='word_1_7' title='bbox 233 731 319 799; x_wconf 84' lang='lat' dir='ltr'><strong>Mihi</strong></span> <span class='ocrx_word' id='word_1_8' title='bbox 353 735 465 799; x_wconf 91' lang='lat' dir='ltr'><strong>tamen</strong></span> <span class='ocrx_word' id='word_1_9' title='bbox 498 730 593 799; x_wconf 93' lang='lat' dir='ltr'><strong>tardo</strong></span> <span class='ocrx_word' id='word_1_10' title='bbox 624 731 671 799; x_wconf 94' lang='lat' dir='ltr'><strong>illi</strong></span> <span class='ocrx_word' id='word_1_11' title='bbox 700 734 801 816; x_wconf 86' lang='lat' dir='ltr'><strong>atque</strong></span> <span class='ocrx_word' id='word_1_12' title='bbox 858 731 977 800; x_wconf 93' lang='lat' dir='ltr'><strong>..duo</strong></span> <span class='ocrx_word' id='word_1_13' title='bbox 1016 749 1092 799; x_wconf 92' lang='lat' dir='ltr'><strong>esse</strong></span> <span class='ocrx_word' id='word_1_14' title='bbox 1130 732 1213 799; x_wconf 89' lang='lat' dir='ltr'><strong>haec</strong></span> <span class='ocrx_word' id='word_1_15' title='bbox 1251 731 1395 799; x_wconf 91' lang='lat' dir='ltr'><strong>maxima</strong></span> <span class='ocrx_word' id='word_1_16' title='bbox 1435 730 1469 798; x_wconf 93' lang='lat' dir='ltr'><strong>in</strong></span> 
     </span>
     <span class='ocr_line' id='line_1_4' title="bbox 185 837 1471 924; baseline -0.001 -18"><span class='ocrx_word' id='word_1_17' title='bbox 185 838 290 906; x_wconf 89' lang='lat' dir='ltr'><strong>stulto</strong></span> <span class='ocrx_word' id='word_1_18' title='bbox 323 838 399 906; x_wconf 92' lang='lat' dir='ltr'><strong>licet</strong></span> <span class='ocrx_word' id='word_1_19' title='bbox 433 837 562 905; x_wconf 85' lang='lat' dir='ltr'>interim</span> <span class='ocrx_word' id='word_1_20' title='bbox 596 839 679 907; x_wconf 91' lang='lat' dir='ltr'><strong>scire</strong></span> <span class='ocrx_word' id='word_1_21' title='bbox 707 838 804 906; x_wconf 91' lang='lat' dir='ltr'><strong>boni</strong></span> <span class='ocrx_word' id='word_1_22' title='bbox 857 838 1084 924; x_wconf 85' lang='lat' dir='ltr'>philosophia,</span> <span class='ocrx_word' id='word_1_23' title='bbox 1128 838 1287 906; x_wconf 92' lang='lat' dir='ltr'><strong>iudicium</strong></span> <span class='ocrx_word' id='word_1_24' title='bbox 1326 837 1394 905; x_wconf 93' lang='lat' dir='ltr'><strong>veri</strong></span> <span class='ocrx_word' id='word_1_25' title='bbox 1438 840 1471 905; x_wconf 92' lang='lat' dir='ltr'><strong>et</strong></span> 
     </span>
     <span class='ocr_line' id='line_1_5' title="bbox 190 943 1468 1030; baseline 0 -19"><span class='ocrx_word' id='word_1_26' title='bbox 190 945 327 1012; x_wconf 90' lang='lat' dir='ltr'><strong>humani</strong></span> <span class='ocrx_word' id='word_1_27' title='bbox 344 944 481 1025; x_wconf 90' lang='lat' dir='ltr'><strong>finem,</strong></span> <span class='ocrx_word' id='word_1_28' title='bbox 502 944 536 1012; x_wconf 92' lang='lat' dir='ltr'><strong>fn</strong></span> <span class='ocrx_word' id='word_1_29' title='bbox 554 962 623 1029; x_wconf 91' lang='lat' dir='ltr'><strong>quo</strong></span> <span class='ocrx_word' id='word_1_30' title='bbox 640 945 804 1012; x_wconf 90' lang='lat' dir='ltr'><strong>inhabitet</strong></span> <span class='ocrx_word' id='word_1_31' title='bbox 856 943 976 1013; x_wconf 90' lang='lat' dir='ltr'><strong>finem</strong></span> <span class='ocrx_word' id='word_1_32' title='bbox 990 946 1199 1026; x_wconf 89' lang='lat' dir='ltr'><strong>bonorum,</strong></span> <span class='ocrx_word' id='word_1_33' title='bbox 1212 945 1468 1030; x_wconf 88' lang='lat' dir='ltr'><strong>necsapienlem</strong></span> 
     </span>
     <span class='ocr_line' id='line_1_6' title="bbox 190 1051 1469 1137; baseline -0.002 -17"><span class='ocrx_word' id='word_1_34' title='bbox 190 1053 288 1120; x_wconf 93' lang='lat' dir='ltr'><strong>beata</strong></span> <span class='ocrx_word' id='word_1_35' title='bbox 310 1052 388 1132; x_wconf 92' lang='lat' dir='ltr'><strong>vita,</strong></span> <span class='ocrx_word' id='word_1_36' title='bbox 413 1053 468 1118; x_wconf 91' lang='lat' dir='ltr'><strong>aut</strong></span> <span class='ocrx_word' id='word_1_37' title='bbox 488 1051 617 1118; x_wconf 93' lang='lat' dir='ltr'><strong>nullum</strong></span> <span class='ocrx_word' id='word_1_38' title='bbox 635 1069 721 1132; x_wconf 92' lang='lat' dir='ltr'><strong>esse,</strong></span> <span class='ocrx_word' id='word_1_39' title='bbox 746 1053 803 1118; x_wconf 87' lang='lat' dir='ltr'><strong>aut</strong></span> <span class='ocrx_word' id='word_1_40' title='bbox 857 1069 960 1137; x_wconf 90' lang='lat' dir='ltr'><strong>posse</strong></span> <span class='ocrx_word' id='word_1_41' title='bbox 988 1069 1073 1131; x_wconf 90' lang='lat' dir='ltr'><strong>esse,</strong></span> <span class='ocrx_word' id='word_1_42' title='bbox 1104 1052 1163 1136; x_wconf 86' lang='lat' dir='ltr'><strong>qui</strong></span> <span class='ocrx_word' id='word_1_43' title='bbox 1185 1052 1392 1137; x_wconf 77' lang='lat' dir='ltr'><strong>...ignoret</strong></span> <span class='ocrx_word' id='word_1_44' title='bbox 1409 1101 1416 1116; x_wconf 97' lang='lat'><strong>.</strong></span> <span class='ocrx_word' id='word_1_45' title='bbox 1434 1099 1469 1118; x_wconf 95' lang='lat'><strong>..</strong></span> 
     </span>
     <span class='ocr_line' id='line_1_7' title="bbox 185 1157 1467 1244; baseline 0 -19"><span class='ocrx_word' id='word_1_46' title='bbox 185 1159 223 1225; x_wconf 91' lang='lat' dir='ltr'><strong>in</strong></span> <span class='ocrx_word' id='word_1_47' title='bbox 252 1159 366 1226; x_wconf 93' lang='lat' dir='ltr'><strong>animo</strong></span> <span class='ocrx_word' id='word_1_48' title='bbox 394 1175 479 1238; x_wconf 91' lang='lat' dir='ltr'><strong>esse,</strong></span> <span class='ocrx_word' id='word_1_49' title='bbox 509 1160 566 1224; x_wconf 91' lang='lat' dir='ltr'><strong>aut</strong></span> <span class='ocrx_word' id='word_1_50' title='bbox 592 1158 626 1224; x_wconf 97' lang='lat' dir='ltr'><strong>in</strong></span> <span class='ocrx_word' id='word_1_51' title='bbox 650 1175 801 1244; x_wconf 90' lang='lat' dir='ltr'><strong>corpore,</strong></span> <span class='ocrx_word' id='word_1_52' title='bbox 857 1161 1039 1225; x_wconf 85' lang='lat' dir='ltr'><strong>extremum</strong></span> <span class='ocrx_word' id='word_1_53' title='bbox 1053 1157 1241 1244; x_wconf 87' lang='lat' dir='ltr'><strong>expetendi,</strong></span> <span class='ocrx_word' id='word_1_54' title='bbox 1259 1161 1294 1224; x_wconf 90' lang='lat' dir='ltr'><strong>ut</strong></span> <span class='ocrx_word' id='word_1_55' title='bbox 1307 1160 1365 1225; x_wconf 92' lang='lat' dir='ltr'><strong>aut</strong></span> <span class='ocrx_word' id='word_1_56' title='bbox 1377 1157 1467 1225; x_wconf 88' lang='lat' dir='ltr'><strong>unde</strong></span> 
     </span>
     <span class='ocr_line' id='line_1_8' title="bbox 184 1263 1467 1350; baseline -0.001 -17"><span class='ocrx_word' id='word_1_57' title='bbox 184 1270 246 1333; x_wconf 91' lang='lat' dir='ltr'><strong>aut</strong></span> <span class='ocrx_word' id='word_1_58' title='bbox 268 1265 302 1332; x_wconf 95' lang='lat' dir='ltr'><strong>in</strong></span> <span class='ocrx_word' id='word_1_59' title='bbox 326 1269 477 1349; x_wconf 86' lang='lat' dir='ltr'><strong>utroque.</strong></span> <span class='ocrx_word' id='word_1_60' title='bbox 856 1263 1082 1350; x_wconf 79' lang='lat' dir='ltr'><strong>proficiscatur</strong></span> <span class='ocrx_word' id='word_1_61' title='bbox 1104 1268 1161 1332; x_wconf 91' lang='lat' dir='ltr'><strong>aut</strong></span> <span class='ocrx_word' id='word_1_62' title='bbox 1178 1282 1247 1349; x_wconf 87' lang='lat' dir='ltr'><strong>quo</strong></span> <span class='ocrx_word' id='word_1_63' title='bbox 1271 1264 1467 1350; x_wconf 90' lang='lat' dir='ltr'><strong>pervenien-</strong></span> 
     </span>
    </p>

    <p class='ocr_par' dir='ltr' id='par_1_4' title="bbox 857 1371 1163 1439">
     <span class='ocr_line' id='line_1_9' title="bbox 857 1371 1163 1439; baseline 0 -2"><span class='ocrx_word' id='word_1_64' title='bbox 857 1371 938 1438; x_wconf 92' lang='lat' dir='ltr'><strong>dum</strong></span> <span class='ocrx_word' id='word_1_65' title='bbox 963 1371 1005 1438; x_wconf 92' lang='lat' dir='ltr'><strong>sit</strong></span> <span class='ocrx_word' id='word_1_66' title='bbox 1027 1371 1163 1439; x_wconf 90' lang='lat' dir='ltr'><strong>nesciat.</strong></span> 
     </span>
    </p>
   </div>
   <div class='ocr_carea' id='block_1_4' title="bbox 182 1494 1468 2222">
    <p class='ocr_par' dir='ltr' id='par_1_5' title="bbox 182 1494 1468 2222">
     <span class='ocr_line' id='line_1_10' title="bbox 278 1494 1467 1582; baseline -0.001 -19"><span class='ocrx_word' id='word_1_67' title='bbox 278 1494 387 1563; x_wconf 87' lang='lat' dir='ltr'><strong>Huius</strong></span> <span class='ocrx_word' id='word_1_68' title='bbox 409 1495 610 1582; x_wconf 85' lang='lat' dir='ltr'><strong>paragraphi</strong></span> <span class='ocrx_word' id='word_1_69' title='bbox 631 1497 864 1581; x_wconf 71' lang='lat' dir='ltr'><strong>argumentum</strong></span> <span class='ocrx_word' id='word_1_70' title='bbox 886 1495 1025 1563; x_wconf 90' lang='lat' dir='ltr'><strong>Lucullo</strong></span> <span class='ocrx_word' id='word_1_71' title='bbox 1047 1513 1185 1580; x_wconf 88' lang='lat' dir='ltr'><strong>quoque</strong></span> <span class='ocrx_word' id='word_1_72' title='bbox 1200 1495 1285 1563; x_wconf 92' lang='lat' dir='ltr'><strong>libro</strong></span> <span class='ocrx_word' id='word_1_73' title='bbox 1305 1495 1467 1562; x_wconf 85' lang='lat' dir='ltr'><strong>contineri</strong></span> 
     </span>
     <span class='ocr_line' id='line_1_11' title="bbox 189 1600 1467 1690; baseline 0 -20"><span class='ocrx_word' id='word_1_74' title='bbox 189 1603 352 1690; x_wconf 92' lang='lat' dir='ltr'><strong>imprimis</strong></span> <span class='ocrx_word' id='word_1_75' title='bbox 376 1621 417 1670; x_wconf 87' lang='lat' dir='ltr'><strong>ex</strong></span> <span class='ocrx_word' id='word_1_76' title='bbox 441 1601 614 1670; x_wconf 91' lang='lat' dir='ltr'><strong>Ciceronis</strong></span> <span class='ocrx_word' id='word_1_77' title='bbox 639 1600 821 1669; x_wconf 91' lang='lat' dir='ltr'><strong>dilucidum</strong></span> <span class='ocrx_word' id='word_1_78' title='bbox 845 1601 882 1669; x_wconf 90' lang='lat' dir='ltr'><strong>fit</strong></span> <span class='ocrx_word' id='word_1_79' title='bbox 905 1603 1137 1688; x_wconf 90' lang='lat' dir='ltr'><strong>responsione,</strong></span> <span class='ocrx_word' id='word_1_80' title='bbox 1162 1603 1219 1670; x_wconf 92' lang='lat' dir='ltr'><strong>ubi</strong></span> <span class='ocrx_word' id='word_1_81' title='bbox 1243 1603 1286 1685; x_wconf 85' lang='lat'><strong>§§</strong></span> <span class='ocrx_word' id='word_1_82' title='bbox 1312 1601 1374 1669; x_wconf 84' lang='lat'><strong>129</strong></span> <span class='ocrx_word' id='word_1_83' title='bbox 1393 1620 1467 1688; x_wconf 88' lang='lat' dir='ltr'><strong>sqq.</strong></span> 
     </span>
     <span class='ocr_line' id='line_1_12' title="bbox 190 1708 1467 1796; baseline 0.001 -20"><span class='ocrx_word' id='word_1_84' title='bbox 190 1711 242 1776; x_wconf 91' lang='lat' dir='ltr'><strong>hic</strong></span> <span class='ocrx_word' id='word_1_85' title='bbox 279 1710 314 1776; x_wconf 91' lang='lat' dir='ltr'><strong>in</strong></span> <span class='ocrx_word' id='word_1_86' title='bbox 349 1709 546 1777; x_wconf 88' lang='lat' dir='ltr'><strong>contrariam</strong></span> <span class='ocrx_word' id='word_1_87' title='bbox 578 1711 704 1794; x_wconf 92' lang='lat' dir='ltr'><strong>partem</strong></span> <span class='ocrx_word' id='word_1_88' title='bbox 736 1726 777 1775; x_wconf 87' lang='lat' dir='ltr'><strong>ex</strong></span> <span class='ocrx_word' id='word_1_89' title='bbox 810 1708 1090 1796; x_wconf 90' lang='lat' dir='ltr'><strong>philosophorum</strong></span> <span class='ocrx_word' id='word_1_90' title='bbox 1125 1709 1395 1777; x_wconf 88' lang='lat' dir='ltr'><strong>dissensionibus</strong></span> <span class='ocrx_word' id='word_1_91' title='bbox 1424 1708 1467 1777; x_wconf 93' lang='lat' dir='ltr'><strong>de</strong></span> 
     </span>
     <span class='ocr_line' id='line_1_13' title="bbox 189 1815 1468 1902; baseline 0 -18"><span class='ocrx_word' id='word_1_92' title='bbox 189 1835 323 1884; x_wconf 90' lang='lat' dir='ltr'><strong>summo</strong></span> <span class='ocrx_word' id='word_1_93' title='bbox 350 1817 442 1884; x_wconf 92' lang='lat' dir='ltr'><strong>bono</strong></span> <span class='ocrx_word' id='word_1_94' title='bbox 467 1816 563 1900; x_wconf 87' lang='lat' dir='ltr'><strong>sequi</strong></span> <span class='ocrx_word' id='word_1_95' title='bbox 588 1818 690 1902; x_wconf 92' lang='lat' dir='ltr'><strong>putat,</strong></span> <span class='ocrx_word' id='word_1_96' title='bbox 720 1816 812 1882; x_wconf 92' lang='lat' dir='ltr'><strong>utin</strong></span> <span class='ocrx_word' id='word_1_97' title='bbox 837 1817 900 1883; x_wconf 92' lang='lat' dir='ltr'><strong>hac</strong></span> <span class='ocrx_word' id='word_1_98' title='bbox 923 1834 956 1883; x_wconf 93' lang='lat' dir='ltr'><strong>re</strong></span> <span class='ocrx_word' id='word_1_99' title='bbox 979 1816 1108 1883; x_wconf 91' lang='lat' dir='ltr'><strong>homini</strong></span> <span class='ocrx_word' id='word_1_100' title='bbox 1133 1816 1269 1883; x_wconf 91' lang='lat' dir='ltr'><strong>scientia</strong></span> <span class='ocrx_word' id='word_1_101' title='bbox 1293 1815 1468 1902; x_wconf 90' lang='lat' dir='ltr'><strong>obtingere</strong></span> 
     </span>
     <span class='ocr_line' id='line_1_14' title="bbox 182 1921 1467 2008; baseline 0 -18"><span class='ocrx_word' id='word_1_102' title='bbox 182 1941 257 1990; x_wconf 91' lang='lat' dir='ltr'><strong>non</strong></span> <span class='ocrx_word' id='word_1_103' title='bbox 293 1923 411 2008; x_wconf 90' lang='lat' dir='ltr'><strong>possit.</strong></span> <span class='ocrx_word' id='word_1_104' title='bbox 464 1921 584 2008; x_wconf 87' lang='lat' dir='ltr'><strong>Neque</strong></span> <span class='ocrx_word' id='word_1_105' title='bbox 619 1922 718 2008; x_wconf 88' lang='lat' dir='ltr'><strong>igitur</strong></span> <span class='ocrx_word' id='word_1_106' title='bbox 750 1921 794 2004; x_wconf 89' lang='lat' dir='ltr'><strong>id,</strong></span> <span class='ocrx_word' id='word_1_107' title='bbox 830 1921 924 2006; x_wconf 87' lang='lat' dir='ltr'><strong>quod</strong></span> <span class='ocrx_word' id='word_1_108' title='bbox 959 1922 1141 1990; x_wconf 87' lang='lat' dir='ltr'><strong>identidem</strong></span> <span class='ocrx_word' id='word_1_109' title='bbox 1173 1923 1207 1989; x_wconf 93' lang='lat' dir='ltr'><strong>in</strong></span> <span class='ocrx_word' id='word_1_110' title='bbox 1237 1922 1467 2008; x_wconf 86' lang='lat' dir='ltr'><strong>superioribus</strong></span> 
     </span>
     <span class='ocr_line' id='line_1_15' title="bbox 185 2028 1466 2118; baseline 0.001 -21"><span class='ocrx_word' id='word_1_111' title='bbox 185 2029 416 2118; x_wconf 86' lang='lat' dir='ltr'><strong>paragraphis,</strong></span> <span class='ocrx_word' id='word_1_112' title='bbox 452 2029 564 2096; x_wconf 91' lang='lat' dir='ltr'><strong>minus</strong></span> <span class='ocrx_word' id='word_1_113' title='bbox 594 2029 629 2096; x_wconf 90' lang='lat' dir='ltr'><strong>in</strong></span> <span class='ocrx_word' id='word_1_114' title='bbox 660 2030 681 2112; x_wconf 85' lang='lat'>§</span> <span class='ocrx_word' id='word_1_115' title='bbox 710 2028 753 2095; x_wconf 81' lang='lat'><strong>27</strong></span> <span class='ocrx_word' id='word_1_116' title='bbox 783 2028 1113 2096; x_wconf 90' lang='lat' dir='ltr'><strong>animadvertendum</strong></span> <span class='ocrx_word' id='word_1_117' title='bbox 1145 2033 1204 2110; x_wconf 88' lang='lat' dir='ltr'><strong>est,</strong></span> <span class='ocrx_word' id='word_1_118' title='bbox 1239 2029 1466 2116; x_wconf 65' lang='lat' dir='ltr'><strong>augustinum</strong></span> 
     </span>
     <span class='ocr_line' id='line_1_16' title="bbox 189 2135 899 2222; baseline -0.004 -17"><span class='ocrx_word' id='word_1_119' title='bbox 189 2137 316 2205; x_wconf 92' lang='lat' dir='ltr'><strong>acutius</strong></span> <span class='ocrx_word' id='word_1_120' title='bbox 340 2136 563 2222; x_wconf 91' lang='lat' dir='ltr'><strong>argumentari</strong></span> <span class='ocrx_word' id='word_1_121' title='bbox 586 2153 688 2219; x_wconf 86' lang='lat' dir='ltr'><strong>quam</strong></span> <span class='ocrx_word' id='word_1_122' title='bbox 713 2135 899 2202; x_wconf 90' lang='lat' dir='ltr'><strong>Lucullum.</strong></span> 
     </span>
    </p>
   </div>
   <div class='ocr_carea' id='block_1_5' title="bbox 182 2259 1467 2454">
    <p class='ocr_par' dir='ltr' id='par_1_6' title="bbox 182 2259 1467 2454">
     <span class='ocr_line' id='line_1_17' title="bbox 276 2259 1467 2346; baseline 0.001 -19"><span class='ocrx_word' id='word_1_123' title='bbox 276 2261 311 2327; x_wconf 93' lang='lat' dir='ltr'><strong>ln</strong></span> <span class='ocrx_word' id='word_1_124' title='bbox 340 2261 381 2327; x_wconf 93' lang='lat' dir='ltr'><strong>iis</strong></span> <span class='ocrx_word' id='word_1_125' title='bbox 410 2263 520 2328; x_wconf 89' lang='lat' dir='ltr'><strong>autem</strong></span> <span class='ocrx_word' id='word_1_126' title='bbox 550 2260 734 2341; x_wconf 88' lang='lat' dir='ltr'><strong>sententiis,</strong></span> <span class='ocrx_word' id='word_1_127' title='bbox 765 2277 852 2344; x_wconf 89' lang='lat' dir='ltr'><strong>quae</strong></span> <span class='ocrx_word' id='word_1_128' title='bbox 877 2263 1090 2346; x_wconf 88' lang='lat' dir='ltr'><strong>exponuntur</strong></span> <span class='ocrx_word' id='word_1_129' title='bbox 1112 2260 1204 2344; x_wconf 77' lang='lat'><strong>§28,</strong></span> <span class='ocrx_word' id='word_1_130' title='bbox 1227 2259 1357 2328; x_wconf 80' lang='lat' dir='ltr'><strong>facilius</strong></span> <span class='ocrx_word' id='word_1_131' title='bbox 1380 2264 1467 2329; x_wconf 91' lang='lat' dir='ltr'><strong>certa</strong></span> 
     </span>
     <span class='ocr_line' id='line_1_18' title="bbox 182 2365 1465 2454; baseline 0 -20"><span class='ocrx_word' id='word_1_132' title='bbox 182 2365 285 2436; x_wconf 83' lang='lat' dir='ltr'><strong>‘iuilii</strong></span> <span class='ocrx_word' id='word_1_133' title='bbox 303 2367 452 2454; x_wconf 85' lang='lat' dir='ltr'><strong>¹vestigia</strong></span> <span class='ocrx_word' id='word_1_134' title='bbox 480 2367 701 2434; x_wconf 91' lang='lat' dir='ltr'><strong>inveniamus.</strong></span> <span class='ocrx_word' id='word_1_135' title='bbox 748 2365 896 2434; x_wconf 87' lang='lat' dir='ltr'><strong>Primum</strong></span> <span class='ocrx_word' id='word_1_136' title='bbox 922 2367 1114 2454; x_wconf 90' lang='lat' dir='ltr'><strong>respiciatur</strong></span> <span class='ocrx_word' id='word_1_137' title='bbox 1137 2368 1221 2436; x_wconf 89' lang='lat' dir='ltr'><strong>haec</strong></span> <span class='ocrx_word' id='word_1_138' title='bbox 1243 2367 1465 2454; x_wconf 91' lang='lat' dir='ltr'><strong>comparatio:</strong></span> 
     </span>
    </p>
   </div>
   <div class='ocr_carea' id='block_1_6' title="bbox 369 2509 1184 2578">
    <p class='ocr_par' dir='ltr' id='par_1_7' title="bbox 369 2509 1184 2578">
     <span class='ocr_line' id='line_1_19' title="bbox 369 2509 1184 2578; baseline -0.002 0"><span class='ocrx_word' id='word_1_139' title='bbox 369 2528 397 2578; x_wconf 91' lang='lat' dir='ltr'><strong>c.</strong></span> <span class='ocrx_word' id='word_1_140' title='bbox 414 2509 483 2578; x_wconf 74' lang='lat' dir='ltr'><strong>Ac:</strong></span> <span class='ocrx_word' id='word_1_141' title='bbox 1005 2509 1062 2576; x_wconf 78' lang='lat' dir='ltr'><strong>Ac.</strong></span> <span class='ocrx_word' id='word_1_142' title='bbox 1079 2510 1103 2576; x_wconf 92' lang='lat'><strong>11</strong></span> <span class='ocrx_word' id='word_1_143' title='bbox 1126 2509 1184 2578; x_wconf 93' lang='lat'><strong>51:</strong></span> 
     </span>
    </p>
   </div>
   <div class='ocr_carea' id='block_1_7' title="bbox 181 2632 1466 3555">
    <p class='ocr_par' dir='ltr' id='par_1_8' title="bbox 181 2632 1466 3555">
     <span class='ocr_line' id='line_1_20' title="bbox 231 2632 1466 2721; baseline -0.001 -18"><span class='ocrx_word' id='word_1_144' title='bbox 231 2634 298 2703; x_wconf 89' lang='lat' dir='ltr'><strong>Sed</strong></span> <span class='ocrx_word' id='word_1_145' title='bbox 316 2635 425 2703; x_wconf 88' lang='lat' dir='ltr'><strong>timuit</strong></span> <span class='ocrx_word' id='word_1_146' title='bbox 438 2633 498 2720; x_wconf 84' lang='lat' dir='ltr'><strong>(sc.</strong></span> <span class='ocrx_word' id='word_1_147' title='bbox 515 2635 665 2721; x_wconf 82' lang='lat' dir='ltr'><strong>sapiens)</strong></span> <span class='ocrx_word' id='word_1_148' title='bbox 765 2632 927 2702; x_wconf 90' lang='lat' dir='ltr'><strong>Omnium</strong></span> <span class='ocrx_word' id='word_1_149' title='bbox 946 2682 955 2700; x_wconf 90' lang='lat'><strong>.</strong></span> <span class='ocrx_word' id='word_1_150' title='bbox 972 2684 980 2702; x_wconf 92' lang='lat'><strong>.</strong></span> <span class='ocrx_word' id='word_1_151' title='bbox 998 2684 1004 2698; x_wconf 95' lang='lat'><strong>.</strong></span> <span class='ocrx_word' id='word_1_152' title='bbox 1023 2687 1031 2704; x_wconf 89' lang='lat'><strong>.</strong></span> <span class='ocrx_word' id='word_1_153' title='bbox 1048 2633 1199 2700; x_wconf 87' lang='lat' dir='ltr'><strong>inanium</strong></span> <span class='ocrx_word' id='word_1_154' title='bbox 1227 2634 1374 2702; x_wconf 90' lang='lat' dir='ltr'><strong>visorum</strong></span> <span class='ocrx_word' id='word_1_155' title='bbox 1400 2653 1466 2702; x_wconf 92' lang='lat' dir='ltr'><strong>una</strong></span> 
     </span>
     <span class='ocr_line' id='line_1_21' title="bbox 184 2739 1465 2826; baseline -0.001 -18"><span class='ocrx_word' id='word_1_156' title='bbox 184 2742 337 2819; x_wconf 90' lang='lat' dir='ltr'><strong>fortasse,</strong></span> <span class='ocrx_word' id='word_1_157' title='bbox 358 2760 401 2809; x_wconf 90' lang='lat' dir='ltr'><strong>ne</strong></span> <span class='ocrx_word' id='word_1_158' title='bbox 418 2759 587 2810; x_wconf 92' lang='lat' dir='ltr'><strong>summum</strong></span> <span class='ocrx_word' id='word_1_159' title='bbox 604 2742 664 2809; x_wconf 92' lang='lat' dir='ltr'><strong>bo·</strong></span> <span class='ocrx_word' id='word_1_160' title='bbox 720 2739 876 2826; x_wconf 91' lang='lat' dir='ltr'><strong>depulsio</strong></span> <span class='ocrx_word' id='word_1_161' title='bbox 907 2743 967 2819; x_wconf 89' lang='lat' dir='ltr'><strong>est,</strong></span> <span class='ocrx_word' id='word_1_162' title='bbox 998 2741 1069 2807; x_wconf 91' lang='lat' dir='ltr'><strong>sive</strong></span> <span class='ocrx_word' id='word_1_163' title='bbox 1097 2740 1153 2808; x_wconf 92' lang='lat' dir='ltr'><strong>illa</strong></span> <span class='ocrx_word' id='word_1_164' title='bbox 1181 2740 1384 2826; x_wconf 90' lang='lat' dir='ltr'><strong>cogitatione</strong></span> <span class='ocrx_word' id='word_1_165' title='bbox 1416 2742 1465 2807; x_wconf 93' lang='lat' dir='ltr'><strong>in·</strong></span> 
     </span>
     <span class='ocr_line' id='line_1_22' title="bbox 187 2847 1464 2934; baseline -0.001 -18"><span class='ocrx_word' id='word_1_166' title='bbox 187 2867 268 2917; x_wconf 90' lang='lat' dir='ltr'><strong>num</strong></span> <span class='ocrx_word' id='word_1_167' title='bbox 327 2849 429 2934; x_wconf 88' lang='lat' dir='ltr'><strong>eligat</strong></span> <span class='ocrx_word' id='word_1_168' title='bbox 484 2848 664 2916; x_wconf 90' lang='lat' dir='ltr'><strong>dormiens.</strong></span> <span class='ocrx_word' id='word_1_169' title='bbox 719 2847 911 2928; x_wconf 86' lang='lat' dir='ltr'><strong>formantur,</strong></span> <span class='ocrx_word' id='word_1_170' title='bbox 930 2899 938 2916; x_wconf 91' lang='lat'><strong>.</strong></span> <span class='ocrx_word' id='word_1_171' title='bbox 957 2899 963 2914; x_wconf 92' lang='lat'><strong>.</strong></span> <span class='ocrx_word' id='word_1_172' title='bbox 982 2847 1078 2914; x_wconf 78' lang='lat' dir='ltr'><strong>‚sive</strong></span> <span class='ocrx_word' id='word_1_173' title='bbox 1110 2847 1144 2914; x_wconf 92' lang='lat' dir='ltr'><strong>in</strong></span> <span class='ocrx_word' id='word_1_174' title='bbox 1181 2848 1316 2933; x_wconf 86' lang='lat' dir='ltr'><strong>quiete.</strong></span> <span class='ocrx_word' id='word_1_175' title='bbox 1335 2897 1342 2913; x_wconf 92' lang='lat'><strong>.</strong></span> <span class='ocrx_word' id='word_1_176' title='bbox 1361 2866 1464 2915; x_wconf 90' lang='lat' dir='ltr'><strong>.nam</strong></span> 
     </span>
     <span class='ocr_line' id='line_1_23' title="bbox 186 2953 1465 3042; baseline -0.002 -18"><span class='ocrx_word' id='word_1_177' title='bbox 186 2955 277 3024; x_wconf 92' lang='lat' dir='ltr'><strong>Nihil</strong></span> <span class='ocrx_word' id='word_1_178' title='bbox 315 2955 452 3042; x_wconf 92' lang='lat' dir='ltr'><strong>periculi</strong></span> <span class='ocrx_word' id='word_1_179' title='bbox 487 2958 551 3022; x_wconf 87' lang='lat' dir='ltr'><strong>est:</strong></span> <span class='ocrx_word' id='word_1_180' title='bbox 589 2972 664 3022; x_wconf 91' lang='lat' dir='ltr'><strong>cum</strong></span> <span class='ocrx_word' id='word_1_181' title='bbox 720 2955 763 3022; x_wconf 91' lang='lat' dir='ltr'><strong>ab</strong></span> <span class='ocrx_word' id='word_1_182' title='bbox 793 2953 953 3022; x_wconf 92' lang='lat' dir='ltr'><strong>omnibus</strong></span> <span class='ocrx_word' id='word_1_183' title='bbox 984 2953 1136 3021; x_wconf 90' lang='lat' dir='ltr'><strong>eiusdem</strong></span> <span class='ocrx_word' id='word_1_184' title='bbox 1164 2953 1257 3021; x_wconf 93' lang='lat' dir='ltr'><strong>modi</strong></span> <span class='ocrx_word' id='word_1_185' title='bbox 1284 2954 1365 3021; x_wconf 91' lang='lat' dir='ltr'><strong>visis</strong></span> <span class='ocrx_word' id='word_1_186' title='bbox 1393 2972 1465 3039; x_wconf 93' lang='lat' dir='ltr'><strong>per·</strong></span> 
     </span>
     <span class='ocr_line' id='line_1_24' title="bbox 181 3060 1463 3148; baseline -0.002 -18"><span class='ocrx_word' id='word_1_187' title='bbox 181 3062 454 3148; x_wconf 85' lang='lat' dir='ltr'><strong>evigilaverit,</strong></span> <span class='ocrx_word' id='word_1_188' title='bbox 478 3060 664 3147; x_wconf 90' lang='lat' dir='ltr'><strong>repudia·</strong></span> <span class='ocrx_word' id='word_1_189' title='bbox 719 3060 928 3146; x_wconf 89' lang='lat' dir='ltr'><strong>spicuitatem</strong></span> <span class='ocrx_word' id='word_1_190' title='bbox 958 3111 964 3125; x_wconf 95' lang='lat'><strong>.</strong></span> <span class='ocrx_word' id='word_1_191' title='bbox 991 3111 997 3126; x_wconf 91' lang='lat'><strong>.</strong></span> <span class='ocrx_word' id='word_1_192' title='bbox 1024 3110 1031 3127; x_wconf 93' lang='lat'><strong>.</strong></span> <span class='ocrx_word' id='word_1_193' title='bbox 1061 3061 1181 3128; x_wconf 91' lang='lat' dir='ltr'><strong>abesse</strong></span> <span class='ocrx_word' id='word_1_194' title='bbox 1216 3060 1463 3128; x_wconf 93' lang='lat' dir='ltr'><strong>dicemus...</strong></span> 
     </span>
     <span class='ocr_line' id='line_1_25' title="bbox 187 3166 1464 3254; baseline -0.001 -18"><span class='ocrx_word' id='word_1_195' title='bbox 187 3169 243 3236; x_wconf 92' lang='lat' dir='ltr'><strong>bit</strong></span> <span class='ocrx_word' id='word_1_196' title='bbox 263 3170 292 3236; x_wconf 91' lang='lat' dir='ltr'><strong>si</strong></span> <span class='ocrx_word' id='word_1_197' title='bbox 314 3168 474 3254; x_wconf 83' lang='lat' dir='ltr'><strong>displicet,</strong></span> <span class='ocrx_word' id='word_1_198' title='bbox 494 3168 621 3236; x_wconf 90' lang='lat' dir='ltr'><strong>tenebit</strong></span> <span class='ocrx_word' id='word_1_199' title='bbox 636 3168 665 3235; x_wconf 92' lang='lat' dir='ltr'><strong>si</strong></span> <span class='ocrx_word' id='word_1_200' title='bbox 721 3168 833 3252; x_wconf 87' lang='lat' dir='ltr'><strong>itaque</strong></span> <span class='ocrx_word' id='word_1_201' title='bbox 875 3166 975 3234; x_wconf 91' lang='lat' dir='ltr'><strong>simul</strong></span> <span class='ocrx_word' id='word_1_202' title='bbox 1008 3171 1043 3234; x_wconf 95' lang='lat' dir='ltr'><strong>ut</strong></span> <span class='ocrx_word' id='word_1_203' title='bbox 1079 3167 1301 3253; x_wconf 85' lang='lat' dir='ltr'><strong>experrecti</strong></span> <span class='ocrx_word' id='word_1_204' title='bbox 1336 3185 1464 3251; x_wconf 90' lang='lat' dir='ltr'><strong>sumus,</strong></span> 
     </span>
     <span class='ocr_line' id='line_1_26' title="bbox 186 3273 1464 3360; baseline -0.002 -17"><span class='ocrx_word' id='word_1_205' title='bbox 186 3275 304 3360; x_wconf 91' lang='lat' dir='ltr'><strong>placet.</strong></span> <span class='ocrx_word' id='word_1_206' title='bbox 351 3274 439 3357; x_wconf 89' lang='lat' dir='ltr'><strong>Quis</strong></span> <span class='ocrx_word' id='word_1_207' title='bbox 469 3275 663 3342; x_wconf 85' lang='lat' dir='ltr'><strong>enimcum</strong></span> <span class='ocrx_word' id='word_1_208' title='bbox 719 3275 790 3341; x_wconf 89' lang='lat' dir='ltr'><strong>visa</strong></span> <span class='ocrx_word' id='word_1_209' title='bbox 837 3273 891 3340; x_wconf 94' lang='lat' dir='ltr'><strong>illa</strong></span> <span class='ocrx_word' id='word_1_210' title='bbox 937 3274 1228 3341; x_wconf 91' lang='lat' dir='ltr'><strong>contemnimus</strong></span> <span class='ocrx_word' id='word_1_211' title='bbox 1270 3291 1381 3358; x_wconf 87' lang='lat' dir='ltr'><strong>neque</strong></span> <span class='ocrx_word' id='word_1_212' title='bbox 1420 3275 1464 3342; x_wconf 91' lang='lat' dir='ltr'><strong>ita</strong></span> 
     </span>
     <span class='ocr_line' id='line_1_27' title="bbox 187 3380 1465 3467; baseline 0.002 -20"><span class='ocrx_word' id='word_1_213' title='bbox 187 3386 271 3449; x_wconf 91' lang='lat' dir='ltr'><strong>recte</strong></span> <span class='ocrx_word' id='word_1_214' title='bbox 313 3381 523 3466; x_wconf 88' lang='lat' dir='ltr'><strong>vituperabit,</strong></span> <span class='ocrx_word' id='word_1_215' title='bbox 571 3380 663 3465; x_wconf 88' lang='lat' dir='ltr'><strong>quod</strong></span> <span class='ocrx_word' id='word_1_216' title='bbox 720 3382 883 3448; x_wconf 90' lang='lat' dir='ltr'><strong>habemus</strong></span> <span class='ocrx_word' id='word_1_217' title='bbox 901 3382 936 3446; x_wconf 93' lang='lat' dir='ltr'><strong>ut</strong></span> <span class='ocrx_word' id='word_1_218' title='bbox 959 3398 1008 3460; x_wconf 92' lang='lat' dir='ltr'><strong>ea,</strong></span> <span class='ocrx_word' id='word_1_219' title='bbox 1034 3381 1171 3466; x_wconf 87' lang='lat' dir='ltr'><strong>quaein</strong></span> <span class='ocrx_word' id='word_1_220' title='bbox 1194 3382 1267 3448; x_wconf 86' lang='lat' dir='ltr'><strong>loro</strong></span> <span class='ocrx_word' id='word_1_221' title='bbox 1283 3381 1465 3467; x_wconf 90' lang='lat' dir='ltr'><strong>gessimus.</strong></span> 
     </span>
     <span class='ocr_line' id='line_1_28' title="bbox 185 3487 664 3555; baseline 0 0"><span class='ocrx_word' id='word_1_222' title='bbox 185 3487 307 3555; x_wconf 89' lang='lat' dir='ltr'><strong>falsum</strong></span> <span class='ocrx_word' id='word_1_223' title='bbox 335 3488 419 3555; x_wconf 89' lang='lat' dir='ltr'><strong>vidit</strong></span> <span class='ocrx_word' id='word_1_224' title='bbox 448 3488 482 3554; x_wconf 95' lang='lat' dir='ltr'><strong>in</strong></span> <span class='ocrx_word' id='word_1_225' title='bbox 513 3488 664 3555; x_wconf 81' lang='lat' dir='ltr'><strong>somnis?</strong></span> 
     </span>
    </p>
   </div>
   <div class='ocr_carea' id='block_1_8' title="bbox 178 3610 1464 4869">
    <p class='ocr_par' dir='ltr' id='par_1_9' title="bbox 178 3610 1464 4869">
     <span class='ocr_line' id='line_1_29' title="bbox 274 3610 1464 3696; baseline 0.002 -18"><span class='ocrx_word' id='word_1_226' title='bbox 274 3611 359 3678; x_wconf 91' lang='lat' dir='ltr'><strong>Tum</strong></span> <span class='ocrx_word' id='word_1_227' title='bbox 396 3614 582 3696; x_wconf 91' lang='lat' dir='ltr'><strong>sequuntur</strong></span> <span class='ocrx_word' id='word_1_228' title='bbox 616 3631 644 3679; x_wconf 86' lang='lat' dir='ltr'><strong>c.</strong></span> <span class='ocrx_word' id='word_1_229' title='bbox 676 3611 751 3679; x_wconf 80' lang='lat' dir='ltr'><strong>Ac:</strong></span> <span class='ocrx_word' id='word_1_230' title='bbox 792 3611 875 3688; x_wconf 80' lang='lat' dir='ltr'><strong>,flul</strong></span> <span class='ocrx_word' id='word_1_231' title='bbox 904 3610 1045 3679; x_wconf 89' lang='lat' dir='ltr'><strong>fortasse</strong></span> <span class='ocrx_word' id='word_1_232' title='bbox 1077 3611 1160 3678; x_wconf 93' lang='lat' dir='ltr'><strong>illud</strong></span> <span class='ocrx_word' id='word_1_233' title='bbox 1189 3610 1390 3692; x_wconf 92' lang='lat' dir='ltr'><strong>formidabit,</strong></span> <span class='ocrx_word' id='word_1_234' title='bbox 1421 3631 1464 3680; x_wconf 91' lang='lat' dir='ltr'><strong>ne</strong></span> 
     </span>
     <span class='ocr_line' id='line_1_30' title="bbox 181 3717 1464 3804; baseline 0.001 -19"><span class='ocrx_word' id='word_1_235' title='bbox 181 3717 357 3785; x_wconf 90' lang='lat' dir='ltr'><strong>dormiens</strong></span> <span class='ocrx_word' id='word_1_236' title='bbox 392 3719 518 3785; x_wconf 85' lang='lat' dir='ltr'><strong>amittat</strong></span> <span class='ocrx_word' id='word_1_237' title='bbox 552 3717 762 3804; x_wconf 90' lang='lat' dir='ltr'><strong>sapientiam,</strong></span> <span class='ocrx_word' id='word_1_238' title='bbox 798 3719 826 3785; x_wconf 93' lang='lat' dir='ltr'><strong>si</strong></span> <span class='ocrx_word' id='word_1_239' title='bbox 856 3735 926 3804; x_wconf 95' lang='lat' dir='ltr'><strong>pro</strong></span> <span class='ocrx_word' id='word_1_240' title='bbox 956 3718 1061 3784; x_wconf 89' lang='lat' dir='ltr'><strong>veris</strong></span> <span class='ocrx_word' id='word_1_241' title='bbox 1089 3718 1189 3786; x_wconf 91' lang='lat' dir='ltr'><strong>falsa</strong></span> <span class='ocrx_word' id='word_1_242' title='bbox 1218 3720 1464 3803; x_wconf 79' lang='lat' dir='ltr'><strong>probaverit?</strong></span> 
     </span>
     <span class='ocr_line' id='line_1_31' title="bbox 186 3823 1462 3911; baseline 0.001 -19"><span class='ocrx_word' id='word_1_243' title='bbox 186 3823 260 3892; x_wconf 89' lang='lat' dir='ltr'><strong>Hoc</strong></span> <span class='ocrx_word' id='word_1_244' title='bbox 299 3825 364 3892; x_wconf 91' lang='lat' dir='ltr'><strong>iam</strong></span> <span class='ocrx_word' id='word_1_245' title='bbox 400 3843 442 3892; x_wconf 94' lang='lat' dir='ltr'><strong>ne</strong></span> <span class='ocrx_word' id='word_1_246' title='bbox 478 3823 647 3892; x_wconf 91' lang='lat' dir='ltr'><strong>dormiens</strong></span> <span class='ocrx_word' id='word_1_247' title='bbox 682 3823 818 3909; x_wconf 86' lang='lat' dir='ltr'><strong>quidem</strong></span> <span class='ocrx_word' id='word_1_248' title='bbox 855 3823 955 3891; x_wconf 88' lang='lat' dir='ltr'><strong>audet</strong></span> <span class='ocrx_word' id='word_1_249' title='bbox 990 3825 1167 3904; x_wconf 91' lang='lat' dir='ltr'><strong>somniare,</strong></span> <span class='ocrx_word' id='word_1_250' title='bbox 1207 3828 1242 3891; x_wconf 89' lang='lat' dir='ltr'><strong>ut</strong></span> <span class='ocrx_word' id='word_1_251' title='bbox 1276 3825 1462 3911; x_wconf 88' lang='lat' dir='ltr'><strong>sapientem</strong></span> 
     </span>
     <span class='ocr_line' id='line_1_32' title="bbox 180 3930 1461 4019; baseline 0.002 -22"><span class='ocrx_word' id='word_1_252' title='bbox 180 3931 377 4018; x_wconf 90' lang='lat' dir='ltr'><strong>vigilantem</strong></span> <span class='ocrx_word' id='word_1_253' title='bbox 401 3933 506 4010; x_wconf 91' lang='lat' dir='ltr'><strong>vocet,</strong></span> <span class='ocrx_word' id='word_1_254' title='bbox 530 3934 631 4017; x_wconf 87' lang='lat' dir='ltr'><strong>neget</strong></span> <span class='ocrx_word' id='word_1_255' title='bbox 651 3931 679 3998; x_wconf 91' lang='lat' dir='ltr'><strong>si</strong></span> <span class='ocrx_word' id='word_1_256' title='bbox 697 3930 871 3998; x_wconf 83' lang='lat' dir='ltr'><strong>dormiat“.</strong></span> <span class='ocrx_word' id='word_1_257' title='bbox 913 3930 991 3998; x_wconf 92' lang='lat' dir='ltr'><strong>lnde</strong></span> <span class='ocrx_word' id='word_1_258' title='bbox 1008 3931 1222 4017; x_wconf 88' lang='lat' dir='ltr'><strong>cognoscitur</strong></span> <span class='ocrx_word' id='word_1_259' title='bbox 1236 3931 1461 4019; x_wconf 78' lang='lat' dir='ltr'><strong>Augustinum</strong></span> 
     </span>
     <span class='ocr_line' id='line_1_33' title="bbox 182 4037 1463 4125; baseline 0.001 -20"><span class='ocrx_word' id='word_1_260' title='bbox 182 4037 373 4106; x_wconf 85' lang='lat' dir='ltr'><strong>existimare</strong></span> <span class='ocrx_word' id='word_1_261' title='bbox 389 4037 573 4124; x_wconf 90' lang='lat' dir='ltr'><strong>sapientem</strong></span> <span class='ocrx_word' id='word_1_262' title='bbox 590 4037 661 4105; x_wconf 91' lang='lat' dir='ltr'><strong>non</strong></span> <span class='ocrx_word' id='word_1_263' title='bbox 677 4055 729 4117; x_wconf 91' lang='lat' dir='ltr'><strong>eo,</strong></span> <span class='ocrx_word' id='word_1_264' title='bbox 752 4037 845 4121; x_wconf 87' lang='lat' dir='ltr'><strong>quod</strong></span> <span class='ocrx_word' id='word_1_265' title='bbox 862 4037 1046 4118; x_wconf 89' lang='lat' dir='ltr'><strong>somnians,</strong></span> <span class='ocrx_word' id='word_1_266' title='bbox 1064 4037 1124 4105; x_wconf 93' lang='lat' dir='ltr'><strong>sed</strong></span> <span class='ocrx_word' id='word_1_267' title='bbox 1141 4056 1193 4118; x_wconf 91' lang='lat' dir='ltr'><strong>eo,</strong></span> <span class='ocrx_word' id='word_1_268' title='bbox 1211 4038 1303 4123; x_wconf 88' lang='lat' dir='ltr'><strong>quod</strong></span> <span class='ocrx_word' id='word_1_269' title='bbox 1319 4039 1463 4125; x_wconf 87' lang='lat' dir='ltr'><strong>vigilans</strong></span> 
     </span>
     <span class='ocr_line' id='line_1_34' title="bbox 184 4143 1462 4230; baseline 0.001 -19"><span class='ocrx_word' id='word_1_270' title='bbox 184 4145 291 4224; x_wconf 92' lang='lat' dir='ltr'><strong>faciat,</strong></span> <span class='ocrx_word' id='word_1_271' title='bbox 313 4144 510 4230; x_wconf 89' lang='lat' dir='ltr'><strong>sapientiam</strong></span> <span class='ocrx_word' id='word_1_272' title='bbox 528 4143 767 4230; x_wconf 90' lang='lat' dir='ltr'><strong>praeseferre,</strong></span> <span class='ocrx_word' id='word_1_273' title='bbox 792 4145 952 4229; x_wconf 88' lang='lat' dir='ltr'><strong>quoniam</strong></span> <span class='ocrx_word' id='word_1_274' title='bbox 970 4163 1013 4211; x_wconf 93' lang='lat' dir='ltr'><strong>ne</strong></span> <span class='ocrx_word' id='word_1_275' title='bbox 1029 4144 1063 4211; x_wconf 89' lang='lat' dir='ltr'><strong>iu</strong></span> <span class='ocrx_word' id='word_1_276' title='bbox 1080 4145 1214 4212; x_wconf 91' lang='lat' dir='ltr'><strong>somnio</strong></span> <span class='ocrx_word' id='word_1_277' title='bbox 1230 4145 1367 4229; x_wconf 86' lang='lat' dir='ltr'><strong>quidem</strong></span> <span class='ocrx_word' id='word_1_278' title='bbox 1385 4163 1462 4214; x_wconf 91' lang='lat' dir='ltr'><strong>eam</strong></span> 
     </span>
     <span class='ocr_line' id='line_1_35' title="bbox 185 4249 1462 4337; baseline 0.002 -19"><span class='ocrx_word' id='word_1_279' title='bbox 185 4251 323 4330; x_wconf 87' lang='lat' dir='ltr'><strong>amittat,</strong></span> <span class='ocrx_word' id='word_1_280' title='bbox 355 4251 383 4317; x_wconf 89' lang='lat' dir='ltr'><strong>si</strong></span> <span class='ocrx_word' id='word_1_281' title='bbox 413 4249 496 4318; x_wconf 93' lang='lat' dir='ltr'><strong>falsa</strong></span> <span class='ocrx_word' id='word_1_282' title='bbox 525 4269 585 4337; x_wconf 95' lang='lat' dir='ltr'><strong>pro</strong></span> <span class='ocrx_word' id='word_1_283' title='bbox 615 4250 701 4318; x_wconf 93' lang='lat' dir='ltr'><strong>veris</strong></span> <span class='ocrx_word' id='word_1_284' title='bbox 729 4251 902 4336; x_wconf 89' lang='lat' dir='ltr'><strong>approbet.</strong></span> <span class='ocrx_word' id='word_1_285' title='bbox 949 4250 1047 4318; x_wconf 89' lang='lat' dir='ltr'><strong>Nunc</strong></span> <span class='ocrx_word' id='word_1_286' title='bbox 1075 4251 1103 4318; x_wconf 94' lang='lat' dir='ltr'><strong>si</strong></span> <span class='ocrx_word' id='word_1_287' title='bbox 1127 4251 1254 4318; x_wconf 88' lang='lat' dir='ltr'><strong>Luculli</strong></span> <span class='ocrx_word' id='word_1_288' title='bbox 1278 4252 1462 4320; x_wconf 88' lang='lat' dir='ltr'><strong>sententias</strong></span> 
     </span>
     <span class='ocr_line' id='line_1_36' title="bbox 185 4355 1461 4443; baseline 0 -18"><span class='ocrx_word' id='word_1_289' title='bbox 185 4359 438 4442; x_wconf 90' lang='lat' dir='ltr'><strong>perscrutemur,</strong></span> <span class='ocrx_word' id='word_1_290' title='bbox 475 4357 625 4424; x_wconf 92' lang='lat' dir='ltr'><strong>similiter</strong></span> <span class='ocrx_word' id='word_1_291' title='bbox 658 4355 812 4424; x_wconf 90' lang='lat' dir='ltr'><strong>videmus</strong></span> <span class='ocrx_word' id='word_1_292' title='bbox 846 4359 889 4424; x_wconf 91' lang='lat' dir='ltr'><strong>ab</strong></span> <span class='ocrx_word' id='word_1_293' title='bbox 925 4375 967 4425; x_wconf 92' lang='lat' dir='ltr'><strong>eo</strong></span> <span class='ocrx_word' id='word_1_294' title='bbox 1002 4376 1062 4443; x_wconf 94' lang='lat' dir='ltr'><strong>pro</strong></span> <span class='ocrx_word' id='word_1_295' title='bbox 1098 4358 1245 4426; x_wconf 88' lang='lat' dir='ltr'><strong>absurdo</strong></span> <span class='ocrx_word' id='word_1_296' title='bbox 1279 4359 1392 4426; x_wconf 90' lang='lat' dir='ltr'><strong>haberi</strong></span> <span class='ocrx_word' id='word_1_297' title='bbox 1427 4359 1461 4425; x_wconf 93' lang='lat' dir='ltr'><strong>in</strong></span> 
     </span>
     <span class='ocr_line' id='line_1_37' title="bbox 178 4463 1462 4551; baseline 0.002 -20"><span class='ocrx_word' id='word_1_298' title='bbox 178 4465 205 4547; x_wconf 57' lang='lat' dir='ltr'><strong>u§</strong></span> <span class='ocrx_word' id='word_1_299' title='bbox 222 4463 276 4543; x_wconf 82' lang='lat'><strong>53,</strong></span> <span class='ocrx_word' id='word_1_300' title='bbox 300 4463 393 4547; x_wconf 88' lang='lat' dir='ltr'><strong>quod</strong></span> <span class='ocrx_word' id='word_1_301' title='bbox 408 4463 609 4543; x_wconf 79' lang='lat' dir='ltr'><strong>Academici,</strong></span> <span class='ocrx_word' id='word_1_302' title='bbox 627 4482 702 4531; x_wconf 91' lang='lat' dir='ltr'><strong>cum</strong></span> <span class='ocrx_word' id='word_1_303' title='bbox 719 4463 904 4550; x_wconf 87' lang='lat' dir='ltr'><strong>sapientiae</strong></span> <span class='ocrx_word' id='word_1_304' title='bbox 921 4463 1080 4531; x_wconf 94' lang='lat' dir='ltr'><strong>iudicium</strong></span> <span class='ocrx_word' id='word_1_305' title='bbox 1098 4467 1283 4549; x_wconf 88' lang='lat' dir='ltr'><strong>quaeratur,</strong></span> <span class='ocrx_word' id='word_1_306' title='bbox 1301 4465 1462 4551; x_wconf 85' lang='lat' dir='ltr'><strong>exemplis</strong></span> 
     </span>
     <span class='ocr_line' id='line_1_38' title="bbox 185 4569 1463 4657; baseline 0.001 -20"><span class='ocrx_word' id='word_1_307' title='bbox 185 4570 424 4638; x_wconf 85' lang='lat' dir='ltr'><strong>somniantium</strong></span> <span class='ocrx_word' id='word_1_308' title='bbox 449 4573 482 4638; x_wconf 93' lang='lat' dir='ltr'><strong>et</strong></span> <span class='ocrx_word' id='word_1_309' title='bbox 504 4570 705 4638; x_wconf 89' lang='lat' dir='ltr'><strong>furiosomm</strong></span> <span class='ocrx_word' id='word_1_310' title='bbox 731 4573 871 4638; x_wconf 90' lang='lat' dir='ltr'><strong>utantur.</strong></span> <span class='ocrx_word' id='word_1_311' title='bbox 912 4569 1046 4652; x_wconf 93' lang='lat' dir='ltr'><strong>Quodsi</strong></span> <span class='ocrx_word' id='word_1_312' title='bbox 1070 4569 1147 4637; x_wconf 93' lang='lat' dir='ltr'><strong>dicit</strong></span> <span class='ocrx_word' id='word_1_313' title='bbox 1170 4572 1272 4657; x_wconf 92' lang='lat' dir='ltr'><strong>paulo</strong></span> <span class='ocrx_word' id='word_1_314' title='bbox 1297 4574 1373 4639; x_wconf 88' lang='lat' dir='ltr'><strong>ante</strong></span> <span class='ocrx_word' id='word_1_315' title='bbox 1401 4571 1463 4649; x_wconf 76' lang='lat' dir='ltr'><strong>,lit</strong></span> 
     </span>
     <span class='ocr_line' id='line_1_39' title="bbox 180 4676 1462 4764; baseline 0.002 -20"><span class='ocrx_word' id='word_1_316' title='bbox 180 4678 274 4744; x_wconf 88' lang='lat' dir='ltr'><strong>enim</strong></span> <span class='ocrx_word' id='word_1_317' title='bbox 299 4676 372 4763; x_wconf 91' lang='lat' dir='ltr'><strong>ipse</strong></span> <span class='ocrx_word' id='word_1_318' title='bbox 396 4677 531 4763; x_wconf 89' lang='lat' dir='ltr'><strong>sapiens</strong></span> <span class='ocrx_word' id='word_1_319' title='bbox 555 4677 697 4743; x_wconf 90' lang='lat' dir='ltr'><strong>sustinet</strong></span> <span class='ocrx_word' id='word_1_320' title='bbox 720 4695 757 4744; x_wconf 93' lang='lat' dir='ltr'><strong>se</strong></span> <span class='ocrx_word' id='word_1_321' title='bbox 778 4677 812 4743; x_wconf 94' lang='lat' dir='ltr'><strong>in</strong></span> <span class='ocrx_word' id='word_1_322' title='bbox 828 4676 948 4757; x_wconf 90' lang='lat' dir='ltr'><strong>furore,</strong></span> <span class='ocrx_word' id='word_1_323' title='bbox 965 4695 1009 4744; x_wconf 94' lang='lat' dir='ltr'><strong>ne</strong></span> <span class='ocrx_word' id='word_1_324' title='bbox 1025 4677 1187 4763; x_wconf 92' lang='lat' dir='ltr'><strong>adprobet</strong></span> <span class='ocrx_word' id='word_1_325' title='bbox 1201 4678 1283 4746; x_wconf 89' lang='lat' dir='ltr'><strong>falsa</strong></span> <span class='ocrx_word' id='word_1_326' title='bbox 1299 4696 1360 4764; x_wconf 91' lang='lat' dir='ltr'><strong>pro</strong></span> <span class='ocrx_word' id='word_1_327' title='bbox 1375 4679 1462 4747; x_wconf 90' lang='lat' dir='ltr'><strong>veris</strong></span> 
     </span>
     <span class='ocr_line' id='line_1_40' title="bbox 179 4782 1461 4869; baseline 0.003 -19"><span class='ocrx_word' id='word_1_328' title='bbox 179 4786 216 4850; x_wconf 92' lang='lat' dir='ltr'><strong>et</strong></span> <span class='ocrx_word' id='word_1_329' title='bbox 240 4783 321 4851; x_wconf 90' lang='lat' dir='ltr'><strong>alias</strong></span> <span class='ocrx_word' id='word_1_330' title='bbox 345 4784 481 4869; x_wconf 88' lang='lat' dir='ltr'><strong>quidem</strong></span> <span class='ocrx_word' id='word_1_331' title='bbox 500 4835 507 4851; x_wconf 91' lang='lat'><strong>.</strong></span> <span class='ocrx_word' id='word_1_332' title='bbox 524 4792 565 4864; x_wconf 83' lang='lat'><strong>.“,</strong></span> <span class='ocrx_word' id='word_1_333' title='bbox 590 4783 815 4851; x_wconf 92' lang='lat' dir='ltr'><strong>adversarium</strong></span> <span class='ocrx_word' id='word_1_334' title='bbox 832 4782 895 4851; x_wconf 90' lang='lat' dir='ltr'><strong>sibi</strong></span> <span class='ocrx_word' id='word_1_335' title='bbox 911 4786 1136 4851; x_wconf 89' lang='lat' dir='ltr'><strong>occurrentem</strong></span> <span class='ocrx_word' id='word_1_336' title='bbox 1152 4784 1237 4852; x_wconf 92' lang='lat' dir='ltr'><strong>facit.</strong></span> <span class='ocrx_word' id='word_1_337' title='bbox 1278 4784 1365 4852; x_wconf 91' lang='lat' dir='ltr'><strong>Cum</strong></span> <span class='ocrx_word' id='word_1_338' title='bbox 1382 4804 1461 4854; x_wconf 91' lang='lat' dir='ltr'><strong>vero</strong></span> 
     </span>
    </p>
   </div>
   <div class='ocr_carea' id='block_1_9' title="bbox 0 0 1776 5320">
    <p class='ocr_par' dir='ltr' id='par_1_10' title="bbox 0 0 1776 5320">
     <span class='ocr_line' id='line_1_41' title="bbox 0 0 1776 5320; baseline 0 0"><span class='ocrx_word' id='word_1_339' title='bbox 0 0 1776 5320; x_wconf 95' lang='lat' dir='ltr'><strong> </strong></span> 
     </span>
    </p>
   </div>
  </div>
 </body>
</html>
