3544 5320
733 420 912 482 -11..

180 624 237 692 ilio
262 629 377 694 nostro
402 625 575 706 Cicerone,
600 626 680 712 quid
704 625 839 694 tandem
864 626 1055 693 existimas?
1079 676 1086 692 .
1112 675 1120 690 .
1146 677 1153 691 .
1179 676 1187 692 .
1212 625 1302 711 Ergo
1323 625 1396 692 eius
1420 624 1468 693 de

181 732 244 805 hac
271 750 305 800 re
336 733 502 800 sententia
530 732 631 800 habet
658 733 748 818 apud
775 736 808 801 te
837 733 963 818 aliquid
990 732 1172 818 ponderis?
1197 785 1204 798 .
1229 784 1237 798 ‚
1263 784 1270 798 .
1296 784 1303 797 .
1332 731 1461 800 Placuit

180 839 270 906 enim
295 838 449 908 Ciceroni
472 833 588 908 nostro
611 839 746 907 beatum
772 857 847 907 esse
868 840 926 926 qui
940 839 1111 907 veritatem
1135 839 1323 925 investigat,
1347 840 1468 907 etiam-1

180 945 209 1012 si
232 946 275 1014 ad
299 946 372 1014 eius
401 947 630 1015 inventionem
658 965 728 1014 non
756 947 865 1015 valeat
892 946 1121 1032 pervenire..
1148 996 1155 1012 .
1181 999 1189 1014 .
1218 945 1304 1028 Quis
1329 946 1464 1033 ignorat

180 1069 258 1121 eum
282 1053 467 1121 affirmasse
484 1054 698 1121 vehementer
721 1053 802 1120 nihii
819 1053 862 1122 ab
879 1053 1017 1122 homine
1038 1054 1162 1139 percipi
1181 1071 1284 1139 posse
1308 1053 1468 1140 nihilque

180 1178 352 1232 remanere
395 1159 539 1248 sapienti
577 1159 641 1228 nisi
677 1159 972 1246 ,diligentissimam
1014 1160 1264 1246 inquisitionem
1303 1161 1468 1242 veritatiS,

181 1269 356 1353 propterea
379 1266 468 1353 quia,
492 1267 520 1334 si
543 1267 676 1338 incertis
700 1267 800 1334 rebus
823 1270 910 1334 esset
939 1283 1108 1346 assensus,
1137 1266 1235 1334 etiam
1265 1267 1293 1334 si
1320 1267 1463 1335 tortasse

180 1391 278 1442 verae
305 1374 428 1454 forent,
456 1373 586 1442 liberari
616 1373 660 1441 ab
689 1391 798 1442 errore
830 1391 901 1441 non
929 1374 1070 1461 posset?
1116 1391 1203 1458 quae
1237 1373 1383 1440 maxima
1411 1381 1467 1441 est

180 1480 279 1565 culpa
303 1480 473 1564 sapientis.
514 1479 776 1562 Quamobrem
801 1481 829 1548 si
853 1482 886 1547 et
901 1480 1089 1566 sapientem
1110 1480 1301 1548 necessario
1325 1481 1464 1548 beatum

182 1604 258 1654 esse
281 1587 484 1655 credendum
509 1591 560 1654 est
583 1590 616 1655 et
630 1588 776 1655 veritatis
793 1587 865 1654 sola
886 1587 1059 1673 inquisitio
1075 1585 1258 1672 perfectum
1275 1587 1468 1672 sapientiae

182 1710 307 1772 munus
331 1693 391 1774 e'st,
415 1693 496 1782 quid
519 1694 712 1762 dubitamus
737 1694 925 1763 existimare
948 1696 1080 1762 beatam
1097 1695 1198 1763 vitam
1223 1695 1322 1763 etiam
1344 1712 1402 1780 per
1425 1712 1461 1762 se

183 1799 256 1885 ipsa
292 1801 552 1887 investigatione
584 1801 731 1869 veritatis
769 1818 871 1886 posse
911 1802 1147 1887 contingerei“
1216 1800 1337 1869 Totum
1372 1785 1466 1868 hunc

183 1907 293 1975 locum
318 1905 472 1976 Ciceroni
496 1908 609 1976 deberi
638 1911 728 1993 patet
757 1927 799 1977 ex
827 1910 938 1976 causis
962 1909 1004 1976 ab
1040 1908 1236 1978 Ohimanno
1265 1901 1468 1994 explanatis,

271 2032 321 2100 Ex
354 2032 399 2100 14
428 2051 508 2101 vero
537 2034 699 2121 suspicari
733 2033 809 2102 iicet
837 2033 1054 2102 Hortensium
1088 2034 1193 2102 tuisse
1224 2052 1301 2101 eum
1329 2032 1462 2115 librum,

182 2137 322 2224 dequo
350 2140 535 2208 sententiae
570 2143 648 2207 sunt
672 2141 905 2228 depromptae,
941 2141 1097 2226 quamvis
1131 2140 1385 2208 concedendum
1421 2142 1468 2208 sit

181 2244 408 2332 Augustinum
432 2265 502 2314 non
526 2247 693 2332 expressis
715 2247 827 2315 verbis
851 2248 1086 2334 pronuntiasse
1110 2246 1328 2314 Hortensium
1350 2243 1471 2315 soluni'

182 2351 368 2439 discipulos
401 2369 484 2421 suos
505 2349 561 2420 ¹ad
595 2353 630 2420 id
663 2356 799 2440 tempus
834 2354 966 2440 legisse.
1015 2353 1082 2422 Sed
1117 2372 1172 2434 ea,
1208 2372 1295 2440 quae
1334 2352 1460 2421 ibidem

182 2461 336 2544 exposita
361 2463 439 2528 sunt
462 2461 521 2527 ita:
553 2460 656 2542 „nihil
679 2463 722 2531 ab
748 2461 885 2529 homine
908 2461 1034 2546 percipi
1058 2479 1161 2546 posse
1186 2511 1193 2526 .
1219 2511 1226 2528 .
1252 2513 1261 2528 .
1285 2465 1469 2547 propterea

179 2567 272 2652 quia,
293 2568 321 2634 si
338 2567 470 2635 incertis
486 2571 586 2636 rebus
602 2572 691 2636 esset
707 2586 868 2637 assensus
884 2570 943 2651 (sc.
961 2567 1123 2653 sapiens),
1147 2567 1276 2634 liberari
1294 2569 1336 2634 ab
1353 2583 1467 2635 errore

183 2691 252 2741 non
281 2676 427 2760 potest‘,
457 2675 547 2743 haud
571 2675 790 2743 incommode
819 2677 1038 2743 conectuntur
1060 2691 1136 2742 cum
1159 2674 1348 2760 fragmento
1377 2673 1461 2742 Hore

181 2781 280 2847 lensii
307 2780 370 2847 100
386 2781 496 2848 adhuc
517 2786 649 2851 servato
672 2800 700 2851 c.
715 2782 775 2854 Ac.
791 2781 899 2851 11131:
923 2782 1048 2865 „Quod
1065 2782 1094 2850 si
1110 2781 1221 2850 adhuc
1243 2800 1306 2849 vos
1330 2781 1463 2849 adules-

181 2889 295 2954 centes
324 2887 477 2974 ignotum
505 2890 636 2957 habetis
667 2887 878 2973 (Ciceronem
907 2890 950 2957 de
978 2891 1130 2976 sapiente
1159 2887 1272 2976 agere)
1306 2891 1392 2956 certe
1426 2889 1468 2955 irr

181 2993 364 3062 Hortensio
388 2996 534 3082 legistis:
563 2994 599 3063 Si
622 2996 721 3082 igitur
749 3014 811 3065 nec
833 2997 912 3065 certi
936 2999 986 3065 est
1019 2996 1207 3083 quidquam
1235 3012 1297 3063 nec
1332 2994 1466 3083 opinari

181 3101 342 3187 sapientis
369 3105 435 3184 est,
470 3102 553 3170 nihii
580 3121 730 3188 unquam
755 3103 892 3189 sapiens
917 3103 1151 3191 approbabit.“
1197 3102 1286 3188 Ergo
1314 3099 1471 3188 apparet,¹

182 3210 218 3274 ut
240 3207 449 3294 significatur
470 3209 528 3276 illo
545 3210 698 3296 „igitur“,
722 3210 825 3295 paulo
841 3215 918 3278 ante
938 3211 972 3277 in
996 3209 1118 3278 eodem
1141 3210 1226 3277 libro
1250 3207 1367 3276 nescio
1390 3225 1467 3299 quo

182 3314 217 3381 in
240 3333 370 3384 conexu
394 3315 436 3385 de
460 3318 545 3385 nihil
568 3317 785 3405 percipiendo
809 3320 842 3385 et
865 3315 1040 3402 opinando
1062 3317 1224 3404 sapientis
1246 3317 1357 3383 actum
1385 3333 1468 3382 esse
1604 3349 1606 3353 ·

181 3419 366 3504 (Ohimann
391 3442 469 3511 pag.
496 3423 563 3508 37).
615 3423 748 3492 Deinde
772 3439 907 3510 prorsus
942 3442 1011 3491 non
1047 3423 1333 3510 intellegeremus,
1374 3438 1467 3508 quae

182 3528 351 3598 Licentius
378 3529 399 3597 l.
421 3549 451 3599 a.
472 3529 646 3600 Ciceronis
679 3531 865 3599 sententiae
900 3529 1045 3598 dicendo
1082 3530 1275 3618 praeponit:
1316 3527 1462 3614 „Accipe

181 3634 292 3722 igitur,
316 3655 404 3723 quae
428 3638 471 3705 sit
489 3640 550 3721 (sc.
566 3637 739 3706 Ciceronis
763 3638 952 3721 sententia),
981 3655 1058 3704 nam
1083 3654 1157 3706 eam
1181 3637 1241 3705 tihi
1264 3636 1467 3705 excidisse

181 3742 351 3823 arbitror‘‚
383 3744 411 3811 si
440 3763 640 3830 negaremus
673 3762 752 3812 eum
780 3746 929 3831 cogitare
957 3743 999 3812 de
1035 3744 1122 3813 iihro
1157 3743 1306 3831 quodam
1330 3744 1467 3829 utrique

181 3849 433 3919 adulescentulo
457 3851 523 3919 iam
547 3848 675 3938 n0t01).
720 3851 812 3920 idem
836 3852 1000 3920 conclusit
1027 3850 1242 3920 Ohimannus
1265 3868 1306 3918 ex
1329 3842 1397 3917 11'6
1430 3851 1463 3916 et

181 3955 259 4024 124.
305 3957 419 4031 Restat
443 3959 536 4025 solus
559 3958 760 4026 Hortensius
784 3961 827 4026 ab
846 3957 1037 4045 Augustino
1061 3958 1266 4037 nominatus,
1289 3957 1466 4041 nisi‘iorte

180 4063 296 4130 credas
325 4064 428 4131 alium
452 4065 568 4133 nescio
596 4082 696 4150 quem
726 4065 769 4133 de
803 4065 1020 4152 philosophia
1054 4064 1174 4132 librum
1210 4063 1385 4141 Ciceronis
1419 4064 1463 4130 ab
1571 4147 1574 4152 ι

181 4169 241 4238 illo
269 4170 404 4248 silentio
433 4171 645 4258 praeteritum
679 4189 753 4240 esse
778 4173 990 4260 exscriptum.
1037 4171 1231 4240 Certissime
1256 4188 1337 4238 vero
1365 4188 1462 4255 argu·
1577 4171 1579 4178 '

181 4277 416 4358 mentabimur,
431 4315 433 4319 v
451 4278 479 4345 si
514 4281 546 4347 et
580 4278 764 4348 exordium
790 4282 822 4346 et
856 4279 972 4346 tinem
994 4277 1231 4364 disputationis
1267 4277 1364 4363 primi
1380 4276 1475 4343 libri·

181 4386 295 4451 contra
311 4382 369 4452 Ac.
386 4384 476 4452 idem
493 4384 597 4453 tuisse
613 4386 793 4454 nobiseum
810 4385 1074 4472 reputaverimus
1094 4387 1198 4470 atque
1212 4385 1246 4451 in
1263 4383 1457 4463 Hortensio,
1599 4421 1602 4427 ,

181 4481 257 4558 cun'r
281 4490 324 4558 de
340 4488 428 4559 Trin.
443 4491 545 4559 xl117
567 4489 724 4559 traditum
749 4493 804 4582 sit:
830 4492 941 4572 „unde
965 4506 1027 4562 nec
1050 4492 1134 4577 ipse,
1159 4489 1466 4558 cumllcademicis

180 4597 296 4698 omnia
324 4596 427 4665 dubia
460 4598 542 4698 sint,
576 4597 814 4666 Academicus·
832 4599 886 4665 ille
907 4597 1039 4674 ,Cicero
1075 4599 1254 4690 dubitavit3
1291 4597 1348 4684 qui
1384 4613 1459 4663 curn

269 4825 292 4897 1)
311 4812 404 4884 Ohlm.
422 4842 485 4900 pag.
498 4827 541 4885 38.
