3544 5320
727 381 904 440 ...57-

174 603 218 650 ex
241 583 332 652 ionte
357 603 459 670 quam
481 603 523 652 ex
537 603 575 653 se
591 585 668 672 ipso
685 589 854 654 auctorem
870 590 1104 671 argumentum
1121 587 1275 655 evolvere
1290 587 1455 675 potuisse,

152 689 310 778 profero
346 691 464 759 iterum
493 691 666 760 exordium
696 693 769 760 libri
792 692 932 774 Timaei,
967 695 1025 761 ubi
1050 695 1126 763 loco
1151 694 1286 780 allat01)
1310 693 1456 779 legimus

175 799 291 866 verba:
329 797 465 880 „Omne
498 799 601 885 igitur
633 798 788 868 caelum
827 801 912 868 sive
947 800 1126 868 mundus
1155 801 1239 868 sive
1268 816 1347 885 quo
1375 800 1456 867 alio

173 905 377 973 vocabulo
410 905 560 991 gaudet
592 909 652 974 etc.
677 908 726 988 (ut
751 905 898 993 supra).“
949 906 1143 974 Dilucidum
1168 907 1342 993 igiturest
1365 906 1456 974 illam

175 1011 388 1091 sententiam,
410 1029 477 1095 qua
493 1010 684 1081 Academici
700 1012 734 1081 in
749 1015 772 1097 §
787 1013 831 1080 24
847 1013 920 1080 libri
937 1012 984 1080 111.
1008 1032 1036 1081 c.
1053 1012 1110 1081 Ac.
1127 1014 1169 1081 ab
1193 1012 1384 1099 Augustino
1408 1031 1457 1080 re·

176 1119 363 1198 vincuntur,
396 1119 463 1186 iam
487 1117 640 1188 Ciceroni
667 1123 782 1188 notam
811 1119 926 1200 luisse,
951 1120 1167 1205 quodetiam
1193 1119 1302 1206 magis
1326 1121 1457 1206 perspi-

166 1225 261 1292 citur
294 1243 336 1292 ex
368 1226 412 1310 θῇ
436 1224 479 1292 68
506 1244 557 1311 sq.
580 1226 653 1294 libri
678 1226 699 1296 l.
727 1227 779 1295 De
802 1226 877 1294 Nat.
902 1226 1017 1294 Deor.:
1049 1226 1125 1305 ,lta
1159 1226 1262 1294 enim
1291 1226 1457 1294 dicebas

176 1349 257 1398 non
291 1346 440 1420 corpus
476 1350 568 1401 esse
595 1334 630 1400 in
658 1333 734 1414 deo,
763 1333 832 1402 sed
862 1334 978 1418 quasi
1002 1351 1148 1420 corpus
1262 1333 1333 1418 (69)
1383 1331 1458 1401 Hoc

176 1455 342 1523 persaepe
368 1437 485 1518 facitis,
514 1442 550 1505 ut
577 1457 653 1509 cum
678 1439 806 1525 ailquid
840 1458 910 1508 non
932 1439 1002 1508 veri
1036 1438 1145 1507 simile
1180 1437 1297 1506 dicatis
1320 1442 1352 1506 et
1377 1438 1458 1506 eliu·

175 1563 258 1631 gere
293 1545 588 1632 reprehensionem
623 1546 741 1626 velitis,
781 1545 937 1614 adferatis
969 1546 1106 1631 aliquid,
1131 1545 1224 1630 quod
1248 1545 1390 1613 omnino
1414 1563 1458 1614 ne

177 1652 249 1719 iieri
279 1651 416 1737 quidem
445 1652 570 1738 possit,
609 1655 646 1721 ut
673 1654 778 1721 satius
806 1654 903 1721 luerit
929 1653 1013 1722 illud
1035 1653 1159 1738 ipsum,
1193 1651 1329 1736 dequo
1354 1653 1459 1720 ambi·

175 1759 330 1845 gebatur,
355 1759 538 1828 concedere
554 1777 655 1844 quam
671 1761 740 1828 tam
757 1759 969 1846 impudenter
984 1759 1147 1827 resistere.
1181 1757 1280 1825 Velut
1295 1757 1458 1843 Epicurus

177 1883 256 1932 cum
290 1864 481 1933 videret..
522 1869 582 1934 etc.
618 1864 669 1952 (ut
703 1884 803 1954 supra
837 1884 916 1952 pag.
947 1865 1037 1952 53).“
1096 1864 1159 1934 His
1198 1865 1309 1932 autem
1349 1865 1459 1932 verbis

176 1972 365 2041 ostenditur
407 1971 616 2053 Ciceronem,
663 1974 725 2042 etsi
769 1974 835 2041 sibi
884 1973 1057 2058 persuasit,
1104 1971 1197 2058 quod
1240 1969 1379 2052 videtur,
1424 1971 1459 2038 id

178 2079 321 2147 iorlasse
343 2097 413 2148 non
438 2079 691 2149 accommodate
714 2081 825 2149 vocari
850 2077 1025 2161 mundum,
1050 2096 1120 2147 non
1145 2078 1297 2146 assentiri
1322 2078 1381 2159 eis,
1400 2079 1458 2162 qui

179 2204 240 2271 pro
273 2191 358 2255 terra
391 2191 425 2256 et
458 2189 553 2257 caelo
589 2188 703 2258 dicunt
738 2189 834 2274 quasi
860 2187 991 2256 caelum
1019 2190 1052 2255 et
1081 2186 1178 2273 quasi
1202 2189 1332 2254 terram.
1379 2184 1457 2268 Qua

176 2292 388 2380 Augustinus
410 2312 487 2363 cum
511 2295 639 2363 ratione
664 2298 782 2375 utatur,
805 2296 842 2362 ut
863 2293 1084 2362 Academicos
1108 2291 1294 2379 redarguat,
1311 2292 1353 2359 ab
1368 2291 1457 2360 illius

178 2400 345 2468 sententia
372 2400 506 2470 recedit.
552 2402 644 2470 Bene
673 2402 774 2488 igitur
796 2401 858 2469 ista
882 2402 1072 2487 congruunt
1094 2418 1169 2468 cum
1194 2418 1247 2486 eo,
1282 2397 1376 2484 quod
1403 2415 1458 2466 su·

179 2506 301 2591 spicari
318 2525 457 2576 necesse
487 2511 547 2590 est,
570 2508 797 2595 Augustinum
822 2508 976 2576 hausisse
1001 2506 1327 2594 argumentationem
1355 2524 1396 2573 ex
1420 2523 1460 2574 ea

179 2612 285 2680 ionils
307 2617 411 2698 parte,
436 2632 504 2699 qua
526 2615 718 2684 Academici
742 2616 1036 2701 oppugnabantur.
1072 2613 1117 2680 lta
1141 2613 1170 2681 si
1193 2616 1280 2681 recte
1302 2612 1459 2695 iudicavi,

178 2737 255 2787 cum
280 2720 380 2788 huius
404 2721 497 2790 modi
520 2721 692 2791 refellendi
715 2739 826 2805 neque
855 2721 973 2788 similis
998 2721 1032 2787 in
1056 2718 1264 2787 Academicis
1288 2721 1456 2787 ettamen

179 2825 320 2912 vestigia
348 2831 434 2895 certa
463 2827 497 2895 in
528 2828 602 2896 aliis
631 2827 804 2896 Ciceronis
832 2829 963 2914 scriptis
990 2826 1210 2905 inveniantur,
1240 2826 1322 2893 haec
1350 2826 1458 2893 imita·

179 2932 273 3000 tione
298 2933 371 3000 sola
395 2934 483 3002 illius
507 2934 589 3001 mihi
613 2934 813 3022 explicanda
836 2952 912 3002 esse
926 2933 1090 3003 videntur.
1125 2932 1224 3000 Nunc
1239 2931 1459 3017 respiciamus

179 3039 312 3107 initium
336 3039 463 3108 Timaei
487 3045 519 3108 et
537 3040 589 3108 De
604 3041 680 3109 Nat.
697 3041 739 3109 D.
755 3040 767 3108 1
784 3042 826 3108 68
842 3058 932 3126 squ:
956 3059 1025 3108 non
1049 3040 1160 3107 solum
1186 3038 1251 3108 illic
1273 3042 1339 3106 tres
1364 3037 1458 3107 locos

181 3146 341 3234 physicas
376 3165 428 3214 res
450 3147 722 3233 complectentes,
747 3148 805 3232 qui
834 3164 910 3214 cum
933 3149 977 3230 ξς
999 3146 1043 3212 23
1066 3146 1165 3213 3124
1189 3144 1261 3212 libri
1285 3144 1333 3212 111.
1355 3163 1383 3212 c.
1400 3143 1459 3212 Ac.

181 3254 283 3321 miras
319 3255 480 3339 praebent
502 3253 749 3334 similitudines,
786 3253 1073 3339 investigavimus,
1109 3253 1168 3320 ubi
1189 3251 1321 3320 ¹Cicero
1357 3250 1458 3336 paulo

180 3363 260 3426 ante
288 3378 348 3427 eos
376 3360 470 3446 ipsos
499 3359 672 3445 protessus
700 3364 751 3428 est
780 3379 817 3430 se
845 3361 879 3427 in
907 3359 1117 3427 Academicis
1146 3358 1188 3426 de
1215 3358 1338 3426 talibus
1361 3358 1460 3425 rebus

182 3465 286 3534 multa
315 3466 449 3547 dixisse,
474 3466 534 3534 sed
559 3467 658 3534 etiam
683 3469 737 3534 hic
759 3485 835 3536 cum
859 3465 978 3534 iisdem
1003 3466 1219 3552 paragraphis
1242 3463 1462 3551 gravissimae
1536 3467 1539 3476 '

182 3573 427 3641 consensiones
462 3577 697 3658 apparuerunt,
732 3592 801 3658 quo
836 3573 1089 3659 comparatione
1125 3569 1334 3654 statuimus2)
1368 3569 1461 3636 illum

182 3685 331 3765 repetere
347 3679 531 3747 sententias
547 3680 581 3746 in
597 3679 807 3748 Academicis
830 3680 1057 3766 explicatasil.

272 3784 360 3854 Cum
384 3789 495 3853 autem
523 3787 608 3855 inter
637 3788 721 3856 haec
743 3792 844 3855 verba
867 3787 919 3855 De
946 3786 1023 3854 Nat.
1048 3786 1089 3853 D.
1114 3786 1186 3853 libri
1214 3782 1238 3850 1.
1256 3782 1341 3870 (67);
1371 3781 1461 3862 „Sed

183 3893 242 3960 ubi
267 3895 317 3960 est
339 3893 492 3974 veritas“,
522 3894 646 3979 quibus
674 3894 886 3980 propositum
910 3893 1186 3961 Academicorum
1211 3889 1386 3977 perstringi
1414 3889 1463 3955 in·

185 3999 321 4080 dicatur,
350 4003 382 4066 et
408 3999 492 4067 allos
522 4000 673 4068 eiusdem
702 4000 797 4068 locos
826 4019 902 4068 cum
931 3999 1103 4068 Ciceronis
1130 3996 1339 4066 Academicis
1365 3993 1463 4062 valde

182 4109 407 4194 congruentes
429 4106 476 4174 illi
493 4107 595 4192 positi
618 4108 695 4188 sint,
720 4108 778 4193 qui
803 4111 835 4174 et
857 4126 934 4175 cum
959 4107 1034 4174 libri
1047 4088 1103 4173 Ill.
1127 4123 1154 4174 c.
1172 4103 1229 4173 Ac.
1245 4105 1288 4187 §§
1305 4102 1349 4170 23
1365 4104 1398 4169 et
1419 4103 1462 4169 24

275 4266 298 4336 ¹)
316 4280 380 4337 pag.
393 4263 437 4320 55.

274 4353 299 4422 ²)
318 4353 350 4409 ci.
364 4369 426 4424 pag.
440 4352 476 4409 53
494 4369 545 4422 sq..

273 4445 295 4512 3)
314 4441 400 4498 Etiam
421 4443 500 4497 aliam
519 4443 652 4514 adiungo:

408 4531 456 4587 Ac.
476 4531 497 4586 11
517 4531 579 4587 ldl:
1055 4529 1116 4584 Nat.
1136 4527 1168 4584 D.
1188 4527 1260 4584 170:

218 4620 305 4689 Quod
333 4620 376 4676 est
402 4627 484 4689 caput
507 4619 633 4690 Epicuri?
661 4622 684 4674 si
711 4619 795 4678 ullum
886 4619 985 4676 Timuit
1003 4618 1142 4690 Epicurus,
1165 4632 1201 4672 ne
1223 4619 1247 4672 si
1268 4629 1352 4670 unum
1371 4616 1463 4670 visum

184 4725 285 4766 sensus
303 4711 393 4764 visum
416 4707 515 4765 falsum
535 4708 586 4774 est,
605 4709 671 4763 nihil
696 4711 797 4779 percipi
853 4713 927 4766 esset
945 4709 1052 4773 laisum,
1072 4707 1176 4762 nullum
1195 4707 1269 4761 esset
1288 4718 1391 4759 verum.

186 4801 286 4871 potest.
