3544 5320
740 447 919 507 ...49-

374 669 400 718 c.
425 649 482 718 Ac.
507 650 624 720 11120:
1048 651 1145 720 Tusc.
1169 651 1193 720 ll
1220 653 1274 722 13:

237 775 430 844 Venite..
466 775 508 842 ad
548 776 802 862 philosophi·
902 776 1469 864 (Philosophialserit,quaead-

191 902 266 962 am,
302 901 447 969 magnus
482 882 536 949 hic
562 882 712 950 fructus
742 885 801 950 est.
858 884 926 951 ulta
955 883 1105 952 fructus
1136 883 1322 952 uberrimos
1352 885 1470 953 ferant.

467 1096 527 1164 ib.:
1054 1097 1126 1164 Fin.
1151 1096 1188 1164 ΙΙΙ
1211 1097 1269 1164 23:

237 1220 387 1304 Quid..
427 1219 556 1288 homini
602 1221 802 1306 sapientia
901 1220 1041 1288 Minime
1059 1221 1178 1287 mirum
1195 1221 1470 1308 est..sapien·

192 1329 344 1395 carius?
392 1329 393 1334 ’
856 1327 952 1394 tiam
977 1327 1077 1394 nobis
1100 1328 1292 1395 cariorem
1321 1328 1469 1396 fieri...

281 1487 315 1555 ln
339 1487 360 1573 ξ
388 1489 427 1556 18
450 1487 659 1574 Augustinus
683 1487 725 1555 ad
748 1487 896 1556 Zenonis
926 1487 1155 1556 definitionem
1179 1489 1305 1568 transit,
1334 1507 1375 1556 ex
1403 1507 1470 1575 qua

191 1594 399 1662 Academici.
417 1595 585 1663 effecerint
619 1594 702 1661 nihil
737 1613 840 1680 posse
871 1593 1006 1680 percipi,
1038 1598 1070 1662 et
1098 1595 1196 1681 quasi
1225 1613 1286 1681 pro
1317 1595 1369 1662 his
1392 1595 1472 1662 dicit

193 1720 219 1768 c.
243 1699 302 1768 Ac.
327 1700 363 1768 lll
390 1701 444 1768 19:
473 1701 676 1783 „Quomodo
701 1701 793 1768 illum
818 1720 889 1769 non
919 1705 1129 1787 permoveret
1159 1701 1349 1788 (definitio),
1380 1702 1408 1769 si
1439 1706 1473 1771 et

194 1807 276 1876 nihil
309 1807 388 1875 tale
423 1807 593 1875 inveniri
628 1810 749 1893 potest,
785 1810 817 1875 et
840 1807 906 1874 nisi
930 1807 1012 1892 quid
1035 1807 1122 1876 tale
1155 1810 1213 1889 est,
1245 1809 1372 1895 percipi
1400 1827 1471 1876 non

194 1916 345 2000 potestte
387 1914 461 1984 Pari
478 1914 582 1982 modo
599 1913 717 1982 Cicero
740 1932 777 1982 se
802 1913 950 1983 defendit
965 1913 1023 1982 Ac.
1047 1914 1070 1982 ll
1097 1914 1174 1982 113:
1201 1933 1346 1999 „quaero
1369 1915 1471 1996 enim,

195 2022 275 2106 quid
304 2021 356 2102 sit,
385 2021 478 2107 quod
502 2021 697 2107 comprendi
728 2021 835 2106 possit
852 2071 963 2088 .....
980 2021 1059 2089 tale
1082 2040 1197 2089 verum
1227 2021 1326 2106 quale
1349 2022 1470 2089 falsum

193 2145 267 2197 esse
302 2145 372 2194 non
406 2127 550 2213 possit.
586 2127 668 2194 nihil
698 2129 772 2196 eius
806 2127 899 2194 modi
935 2129 1131 2195 invenio.“
1198 2127 1315 2195 Statim
1358 2131 1470 2195 autem

194 2235 337 2302 deflectit
370 2233 580 2320 Augustinus
614 2233 657 2300 ad
685 2234 778 2313 illud,
807 2234 899 2320 quod
935 2234 980 2320 §g
1010 2235 1128 2320 5sqq.
1168 2234 1367 2301 affirmatum
1408 2238 1470 2314 est,

193 2341 378 2426 sapientem
414 2358 483 2408 non
519 2341 599 2407 nihil
635 2342 729 2422 scire,
764 2341 867 2426 idque
903 2341 1066 2427 imprimis
1101 2341 1165 2408 sibi
1200 2341 1470 2408 concludendum

194 2466 268 2514 esse
302 2450 397 2532 putat
431 2447 465 2514 in
500 2447 714 2533 philosophia
750 2447 882 2515 morali:
932 2449 1016 2526 ,hoc
1059 2448 1087 2514 si
1121 2447 1165 2514 ita
1195 2451 1254 2528 est,
1291 2447 1471 2516 dicendum

194 2555 308 2639 potius
343 2557 410 2620 erat
442 2572 511 2620 non
547 2571 652 2639 posse
691 2555 726 2621 in
764 2555 936 2622 hominem
976 2554 1094 2621 cadere
1124 2555 1335 2640 sapientiam,
1369 2572 1471 2640 quam

193 2663 380 2747 sapientem
438 2661 591 2728 nescire
646 2679 712 2728 cur
763 2662 884 2742 vivat,
944 2711 1084 2728 .....
1139 2661 1472 2747 quemadmodum

193 2769 315 2848 vivat,
341 2819 374 2832 ..
411 2771 538 2834 utrum
573 2767 695 2848 vivat;
737 2772 921 2853 postremo,
957 2786 1026 2854 quo
1062 2768 1366 2854 perversius...
1407 2768 1471 2835 dici

196 2875 276 2941 nihil
317 2877 439 2960 potest,
475 2875 575 2942 simul
610 2878 642 2941 et
676 2876 861 2960 sapientem
898 2893 972 2942 esse
1007 2877 1039 2941 et
1073 2875 1227 2960 ignorare
1262 2874 1471 2960 sapientiam.

195 2980 286 3064 Quid
323 2984 374 3048 est
411 2981 536 3062 durius,
575 2983 746 3049 hominem
784 3001 854 3049 non
885 3000 987 3068 posse
1017 3000 1092 3048 esse
1123 2981 1308 3066 sapientem
1340 3000 1383 3047 an
1421 2998 1472 3048 sa·

195 3089 341 3173 pientem
387 3088 514 3155 nescire
560 3089 800 3174 sapientiam?“
865 3088 924 3156 Sin
964 3088 1147 3174 inspexeris
1185 3086 1241 3154 Ac.
1266 3086 1471 3172 11211sqq.:

198 3194 289 3280 ,lpsa
313 3212 392 3261 vero
417 3195 582 3280 sapientia
605 3195 634 3262 si
658 3213 695 3262 se
719 3195 897 3280 ignorabit,
921 3195 1083 3280 sapientia
1107 3195 1150 3261 sit
1173 3211 1278 3261 necne
1302 3196 1361 3260 etc.
1383 3193 1472 3276 (vide

195 3320 271 3387 pag.
286 3301 329 3367 44
338 3303 402 3386 sq.)
420 3352 427 3368 .
445 3351 452 3368 .
471 3299 540 3388 (29)
578 3301 648 3369 Nec
664 3301 849 3387 sapientem
871 3319 972 3386 posse
989 3319 1075 3381 esse,
1097 3301 1155 3386 qui
1171 3303 1228 3368 aut
1244 3301 1473 3386 cognoscendi

196 3426 269 3475 esse
299 3407 430 3473 initium
459 3407 590 3492 ignoret
618 3411 675 3474 aut
709 3411 922 3475 extremum
959 3405 1185 3492 expetendi,
1222 3409 1258 3473 ut
1293 3411 1349 3473 aut
1383 3407 1473 3474 unde

195 3515 424 3600 proficiscatur
447 3516 503 3580 aut
527 3533 595 3600 quo
613 3514 875 3600 perveniendum
892 3515 934 3582 sit
951 3515 1091 3594 nesciat;
1116 3513 1198 3580 haec
1214 3516 1325 3580 autem
1350 3513 1474 3580 habere

197 3621 298 3688 dubia
316 3674 322 3688 .
342 3673 349 3689 .
368 3671 375 3687 .
394 3621 627 3688 ⁸abliorrere
643 3640 663 3688 a
679 3621 845 3717 sapientia
860 3620 1073 3707 plurimum“,
1089 3619 1265 3706 intellegas
1274 3619 1472 3687 Ciceronem

196 3729 315 3813 pariter
343 3730 444 3813 atque
472 3728 576 3808 illum,
605 3730 785 3813 postquam
815 3727 856 3794 de
884 3727 1048 3812 sapientia
1077 3727 1230 3794 universa
1257 3727 1334 3812 egit,
1363 3745 1474 3794 mores

196 3835 427 3919 perstringere,
451 3836 487 3901 ut
510 3834 637 3914 doceat,
663 3853 764 3920 quam
790 3834 971 3901 absurdum
995 3834 1037 3900 sit
1059 3834 1181 3900 sentire
1204 3833 1288 3900 nihil
1311 3852 1413 3919 posse
1430 3834 1473 3900 ab

197 3941 334 4008 homine
358 3941 443 4008 sciri.

263 4082 347 4169 §21
381 4082 532 4150 definitio
555 4083 702 4151 Zenonis
737 4083 920 4150 accuratius
951 4085 1112 4149 tractatur.
1159 4081 1285 4149 ibidem
1315 4083 1472 4167 scriptum

196 4189 400 4256 invenimus:
435 4188 488 4268 ,ld
512 4189 621 4256 visum
650 4191 695 4257 ait
725 4190 857 4274 (Zeno)
889 4207 991 4275 posse
1022 4187 1272 4274 comprehendi,
1303 4187 1396 4273 quod
1426 4187 1475 4254 sic

197 4298 380 4382 appareret,
407 4299 443 4362 ut
464 4295 585 4362 falsum
614 4314 772 4382 apparere
796 4314 866 4363 non
894 4298 1019 4382 posset.
1066 4294 1282 4362 Manifestum
1312 4297 1363 4360 est
1390 4293 1473 4360 nihil

198 4401 288 4470 aliud
314 4401 349 4469 in
378 4403 628 4487 perceptionem
656 4404 778 4471 venire.
825 4402 909 4470 Hoc
940 4404 976 4468 et
1007 4419 1096 4486 ego,
1127 4401 1236 4486 inquit
1256 4399 1475 4480 Arcesilas,

196 4509 329 4587 video,
358 4510 390 4575 et
417 4509 481 4575 hoc
504 4510 580 4594 ipso
605 4509 712 4578 doceo
736 4509 819 4576 nihil
842 4508 978 4595 percipi.
1024 4507 1103 4574 Non
1134 4507 1223 4574 enim
1253 4507 1318 4573 tale
1349 4506 1473 4590 aliquid

197 4616 338 4684 inveniri
356 4621 497 4703 potest.“
546 4615 636 4684 Talis
660 4619 771 4684 autem
788 4614 967 4700 Augustini
992 4615 1074 4681 ratio
1099 4614 1193 4699 ipsos
1210 4611 1357 4682 Graecos
1379 4613 1475 4698 quasi

197 4740 311 4791 secum
337 4725 544 4809 disputantes
569 4722 749 4790 inducendi
773 4740 815 4789 eo
838 4721 947 4807 magis
971 4721 1142 4788 mentione
1166 4720 1268 4806 digna
1292 4722 1352 4800 est,
1382 4719 1474 4805 quod

198 4847 271 4897 eam
296 4829 414 4896 Cicero
447 4831 520 4916 ipse
554 4847 692 4916 quoque
723 4828 831 4923 idque
853 4828 887 4894 in
917 4826 1035 4894 eadem
1063 4845 1097 4893 re
1120 4826 1315 4912 explicanda
1340 4829 1477 4905 secutus

1368 4965 1382 5006 4
