3544 5320
728 369 902 430 ...69-

179 571 298 657 magis.
337 571 458 641 Facete
480 575 665 659 exponitur,
689 574 717 642 si
742 575 946 644 adulescenti
962 575 1095 644 cuidam
1113 576 1286 661 probabile
1304 576 1454 645 videatur

170 676 371 759 adulterare,
406 679 440 747 id
475 681 505 747 ei
540 682 636 749 licere
671 699 739 749 non
775 683 884 749 solum
913 683 988 750 sine
1014 683 1147 750 sceleris
1177 683 1237 751 sed
1265 702 1308 751 ne
1335 683 1453 751 erroris

178 783 316 868 quidem
346 787 456 872 lapsu,
484 805 596 873 neque
624 806 701 855 eum
730 788 794 856 nisi
823 790 1039 874 probabiliter
1061 809 1080 857 a
1104 789 1271 857 iudicibus
1294 789 1454 857 condem·

171 891 327 959 nandum
353 911 438 973 esse,
463 912 539 962 cum
560 893 779 963 Academicos
803 899 947 976 secutus,
972 895 1137 982 quidquid
1155 895 1278 976 iecerit,
1302 913 1372 963 non
1392 913 1454 981 pro

174 1015 257 1065 vero
289 1000 546 1086 approbandum
580 1019 655 1069 esse
682 1002 747 1069 sibi
775 1003 984 1088 persuaserit.
1030 1002 1120 1070 Talis
1147 1002 1330 1070 sententiae
1353 1020 1454 1070 causa

170 1103 297 1172 Cicero
326 1107 622 1176 vehementissime
650 1109 844 1195 castigatur:
880 1109 946 1185 ,Te
973 1113 1005 1177 te
1032 1111 1187 1188 consulo,
1215 1108 1262 1175 Nl.
1284 1107 1382 1188 Tulli,
1412 1109 1454 1177 de

178 1210 442 1280 adulescentium
474 1215 626 1282 moribus
653 1216 788 1301 vitaque
818 1219 1007 1296 tractamus,
1042 1215 1095 1283 cui
1131 1207 1326 1283 educandae
1354 1218 1454 1302 atque

179 1319 404 1389 instituendae
420 1338 540 1388 omnes
560 1321 636 1389 illae
652 1323 766 1391 literae
780 1326 857 1390 tuae
873 1323 1092 1409 vigilaverunt
1108 1373 1115 1388 .
1134 1373 1141 1389 .
1160 1371 1167 1388 .
1186 1373 1193 1389 .
1232 1321 1455 1390 Persuadebis

172 1425 346 1506 nimirum,
363 1430 534 1511 tamquam
552 1429 586 1495 in
604 1426 781 1498 Cumano
804 1431 982 1517 gymnasio
998 1434 1100 1516 atque
1116 1429 1202 1496 adeo
1218 1428 1454 1515 Neapolitano,

171 1532 261 1599 nihil
284 1551 361 1600 eum
385 1552 554 1620 peccasse,
579 1535 683 1602 immo
704 1535 803 1602 etiam
820 1554 864 1603 ne
880 1553 1006 1603 errasse
1022 1534 1191 1619 quidem“.
1237 1535 1454 1620 Perspicuum

169 1643 228 1706 est
251 1659 292 1708 ex
315 1640 368 1708 his
391 1641 502 1709 verbis
525 1659 636 1726 neque
658 1643 833 1709 monstrari
858 1641 1031 1710 Ciceronis
1055 1642 1311 1727 responsionem
1329 1639 1456 1708 Luculli

178 1746 252 1814 libri
275 1765 387 1832 neque
411 1749 568 1816 editionis
598 1749 802 1835 posterioris,
838 1749 871 1816 id
900 1752 950 1817 est
977 1749 1049 1817 libri
1069 1746 1124 1816 lV.
1148 1747 1350 1828 Academici,
1379 1765 1454 1814 cum

33 1949 34 1958 ἵ
170 1871 219 1920 ex
257 1853 314 1921 Ac.
344 1851 416 1921 119
455 1858 614 1942 appareat
651 1855 913 1942 disputationem
952 1855 1081 1923 Luculli
1118 1854 1267 1922 habitam
1306 1871 1382 1921 esse
1421 1854 1455 1920 in

180 1958 338 2028 Hortensi
367 1961 455 2038 villa,
483 1962 661 2046 quaesita
694 1966 763 2030 erat
791 1961 834 2030 ad
858 1962 994 2042 Baulos,
1021 1964 1056 2030 et
1084 1980 1126 2029 ex
1153 1961 1340 2047 fragmento
1371 1976 1455 2045 quo·

171 2066 256 2135 dam
297 2067 371 2133 libri
409 2065 462 2133 ΠΙ.
499 2087 517 2135 a
552 2068 666 2136 Nonio
705 2086 783 2155 pag.
818 2067 862 2136 65
900 2068 1021 2136 tradito
1030 2066 1056 2151 1)
1094 2069 1261 2135 auctorem
1298 2084 1455 2134 scaenam

176 2172 337 2241 librorum
361 2170 415 2241 Ill.
438 2177 472 2241 et
494 2171 558 2254 lv,
587 2176 645 2260 qui
673 2174 878 2262 respondent
904 2174 1095 2256 ,Lucullo“,
1126 2191 1196 2242 non
1218 2177 1455 2242 commutasse.

179 2277 299 2363 Neque
330 2278 423 2346 aliter
454 2298 506 2347 res
530 2299 567 2348 se
590 2282 691 2348 habet
714 2281 756 2349 de
778 2281 869 2349 libris
892 2277 918 2348 l.
942 2283 975 2348 et
996 2277 1036 2349 Π.
1059 2279 1116 2347 Ac.
1142 2282 1276 2369 poster„
1312 2297 1456 2366 quorum

171 2385 424 2478 disputationes
447 2390 483 2453 ut
504 2385 685 2473 ,Catuli“²)
701 2387 835 2456 luerunt
849 2388 884 2456 in
900 2386 1100 2473 Cumanotl.
1139 2385 1229 2472 Ergo
1245 2386 1456 2472 Augustinus

177 2493 213 2559 in
230 2493 344 2560 animo
366 2494 466 2560 habet
487 2497 543 2561 aut
561 2492 708 2571 ,Catuli“
724 2498 781 2562 aut
803 2494 882 2562 inde
898 2496 1069 2580 sumptum
1086 2493 1246 2562 editionis
1263 2492 1458 2578 posterioris

174 2600 302 2667 locum.

268 2706 367 2776 Nunc
394 2708 537 2794 primum
564 2707 664 2775 velim
695 2707 912 2793 respiciamus
936 2725 963 2775 c.
984 2706 1041 2774 Ac.
1065 2704 1171 2785 1126,
1200 2706 1259 2773 ubi
1281 2703 1458 2773 Academi-

172 2831 295 2881 corum
324 2813 488 2882 sententia
512 2814 554 2881 de
579 2814 786 2901 ,probabili‘
812 2815 983 2901 protertur.
1031 2813 1143 2896 Quam
1167 2812 1355 2880 Tullianam
1383 2829 1459 2878 esse

181 2938 257 3006 pag.
278 2920 322 2987 36
346 2938 395 3004 sq.
420 2920 640 2989 excussimus.
687 2920 837 2988 Eandem
868 2927 978 2989 autem
1006 2939 1026 2988 a
1050 2919 1213 2988 Cicerone
1240 2919 1275 2985 in
1303 2917 1458 2985 Cumano

179 3028 358 3114 gymnasio
393 3045 468 3095 esse
503 3028 741 3113 proclamatam
771 3028 878 3096 elucet
907 3047 949 3095 ex
971 3027 1151 3115 Augustini
1176 3025 1458 3111 explicationibus

178 3152 207 3199 c.
235 3133 292 3200 Ac.
320 3131 364 3200 ΙΙΙ
393 3133 451 3202 35;
490 3133 598 3211 ,Nulli
633 3135 677 3200 rei
713 3135 901 3202 consentire
936 3134 1126 3203 debemus.
1145 3183 1177 3200 ..
1196 3131 1298 3200 .illud
1328 3133 1457 3197 tantum

99 3271 101 3276 v
181 3241 378 3320 meminerit,
409 3240 742 3327 quidquid-occurrit
771 3241 824 3308 vel
854 3242 969 3308 animo
998 3241 1051 3308 vel
1081 3239 1249 3318 sensibus,
1278 3254 1356 3304 non
1384 3254 1454 3322 pro

176 3365 271 3416 ‘vero
296 3365 388 3415 esse
410 3347 725 3434 approbandum:
750 3347 783 3414 id
807 3347 907 3433 igitur
930 3347 1070 3414 audiens
1097 3346 1295 3414 adulescens
1320 3341 1454 3410 insidia·

181 3455 266 3522 bitur
289 3454 469 3541 pudicitiae
492 3454 605 3521 uxoris
628 3453 766 3521 alienae.
785 3452 891 3520 -Te
911 3456 943 3521 te
959 3452 1112 3533 consulo,
1134 3451 1182 3518 M.
1199 3450 1285 3518 Tulli
1303 3499 1310 3516 .
1328 3499 1336 3515 .
1355 3501 1362 3514 .
1379 3447 1454 3534 (etc.

178 3563 215 3627 ut
238 3561 353 3647 supra)
371 3611 378 3628 .
396 3611 429 3627 ..
468 3559 554 3627 Non
578 3561 684 3627 enlm
707 3560 932 3627 iaciendum
950 3578 1040 3627 esse
1056 3557 1253 3626 adulterium
1271 3573 1344 3642 pro
1360 3571 1455 3622 vero

181 3669 260 3735 sibi
284 3668 497 3753 persuasit,
521 3666 694 3752 probabile
717 3667 865 3746 occurrit,
889 3670 1024 3733 secutus
1048 3670 1107 3744 est,
1131 3665 1220 3731 lecit:
1244 3662 1456 3730 autiortasse

172 3793 249 3841 ‚non
273 3775 359 3854 iecit,
384 3774 454 3840 sed
476 3773 621 3841 iecisse
645 3773 721 3840 sibi
745 3774 858 3840 visus
882 3771 1004 3859 est⁴l.“

269 3879 320 3946 Ad
343 3883 428 3948 certe
453 3879 702 3948 diiudicandum
726 3879 809 3947 mibi
835 3881 971 3966 quidem
995 3879 1126 3947 videtur
1148 3894 1265 3944 ansam
1295 3873 1455 3960 praebere

181 3986 237 4055 Ac.
262 3986 363 4053 1139.
409 3986 535 4054 Ibidem
571 3986 737 4064 Lucullus,
773 3991 953 4072 postquam
989 3985 1081 4071 prius
1115 4000 1221 4069 pauca
1255 3983 1383 4048 tantum
1414 3977 1456 4044 de

180 4112 322 4162 assensu
346 4094 477 4161 locutus
500 4096 561 4173 est,
585 4091 659 4178 ipse
682 4110 820 4179 quoque
843 4091 1118 4178 inplrilosophia
1147 4087 1263 4156 morali
1293 4084 1455 4164 enucleat,

173 4219 284 4286 quam
307 4218 461 4286 perversa
488 4199 532 4267 de
560 4199 647 4267 illius
676 4200 860 4267 retentione
887 4199 1051 4267 sententia
1080 4198 1135 4264 sit:
1174 4193 1239 4272 ,Ut
1262 4194 1307 4260 sit
1329 4191 1455 4276 aliquid

270 4416 293 4479 1)
316 4413 367 4478 ,Ut
379 4429 429 4469 nos
442 4427 515 4469 nunc
531 4411 661 4468 sedemus
677 4412 712 4466 ad
725 4412 897 4468 Lucrinum
914 4410 1114 4482 pisciculosque
1125 4406 1292 4465 exsultantes
1304 4404 1454 4458 videmus·

174 4500 226 4571 (ct.
245 4502 357 4563 Reidlus
375 4517 438 4574 pag.
457 4503 514 4570 60.)

270 4591 293 4660 ¹)
312 4591 345 4648 ct.
363 4592 411 4648 Ac.
431 4591 451 4646 ll
470 4592 500 4656 9;
519 4590 562 4647 80.
766 4658 767 4661 Ἴ

269 4682 292 4750 ³)
310 4681 346 4736 ad
363 4680 426 4736 tam.
446 4680 480 4736 llt
502 4681 527 4745 8,
550 4682 576 4735 l:
605 4679 681 4744 ,Feci
701 4681 782 4750 igitur
800 4691 954 4734 sermonem
973 4679 1043 4732 inter
1055 4689 1105 4730 nos
1123 4673 1246 4729 habiturn
1264 4672 1291 4724 in
1304 4668 1457 4724 Cumano·.

268 4769 293 4834 ⁴)
311 4768 346 4826 ci.
365 4785 387 4825 c.
407 4771 455 4825 Ac.
474 4769 496 4824 ll
514 4769 583 4825 261.
602 4783 626 4823 a.
