3544 5320
839 387 1011 454 ...30'..·

279 601 425 682 audiret,
450 589 614 686 neg-avit
632 582 737 668 hui-us
762 600 854 668 modi
867 581 1064 686 'quidquam
1080 617 1183 687 posse
1200 599 1247 668 ab‘
1259 580 1396 667 homine
1421 595 1566 693 reperiri,

286 710 401 794 neque
424 707 470 775 illi
494 707 667 793 opinionis
691 707 1052 794 naufragiosapientis
1063 705 1342 774 committendam
1360 705 1436 773 esse
1452 695 1565 772 uitam,

289 814 505 884 Unde'etianr
523 814 696 892 conclusit,
725 799 873 881 'nullirei
891 831 967 881 esse
984 812 1277 892 adsentiendum“,
1301 816 1334 880 et
1349 831 1376 880 c.
1393 811 1452 879 hc.
1469 807 1493 878 ll
1512 813 1567 879 11:

288 907 415 998 ,Cum
427 922 469 989 ab
499 921 619 988 eodem
643 921 781 988 Zenone
809 921 1018 1014 accepissent
1045 920 1129 986 nihil
1153 923 1243 988 esse
1266 920 1426 1006 turpius
1450 938 1565 1005 quarn

280 1029 429 1114 opinari,
454 1027 667 1095 coniecerunt
691 1027 915 1107 callidissime,
939 1030 974 1093 ut
991 1028 1019 1094 si
1036 1027 1119 1095 nihil
1136 1027 1261 1113 percipi
1279 1028 1405 1112 posset,
1429 1025 1568 1094 el'esset

289 1135 441 1222 'opinatio
453 1135 657 1221 turpissima,
670 1134 753 1200 nihil
766 1152 917 1229 unquam
931 1135 1067 1220 sapiens
1080 1135 1311 1220 approbaret.“
1346 1132 1566 1200 Academicos

287 1246 400 1309 autem
417 1227 779 1322 'Zenonisdeiinitione
794 1241 857 1308 visi
873 1240 1185 1334 comprehensibilis
1202 1241 1356 1308 inductos
1373 1259 1448 1308 esse
1461 1240 1568 1307 elucet

280 1351 387 1418 etiam
401 1367 443 1416 ex
454 1347 511 1419 Ac.
524 1347 549 1415 ll
565 1349 652 1415 113:
670 1369 702 1424 ,;
717 1399 724 1415 .
739 1347 815 1434 quis
828 1351 993 1433 umquam
1003 1346 1085 1414 dixit
1097 1349 1155 1414 aut
1165 1347 1284 1414 veteris
1296 1345 1514 1414 academiae,
1527 1352 1534 1412 '.
1547 1397 1566 1426 .,

286 1457 338 1524 vel
370 1456 409 1550 id
432 1455 553 1523 solum‘
573 1455 831 1550 percipiposse
855 1453 947 1540 quod
972 1456 1069 1522 esset
1083 1470 1198 1521 verum
1222 1453 1297 1534 tale,
1317 1453 1421 1540 quale
1444 1453 1566 1520 ialsum

279 1581 362 1631 esse
380 1580 450 1630 non
466 1564 591 1656 posset,
614 1562 668 1629 vel
684 1561 869 1647 sapientem
886 1561 970 1627 nihil
986 1560 1138 1647 opinari?
1177 1559 1274 1627 Certe
1291 1577 1404 1627 nemo.
1435 1557 1566 1648 Horum

287 1661 477 1738 neutrum
493 1669 582 1736 ante
605 1668 806 1736 Zenonem
831 1685 957 1754 magno
979 1685 1081 1753 opere
1097 1665 1272 1734 deiensum
1289 1669 1370 1734 est.“
1411 1664 1568 1734 'Maxime

279 1775 590 1844 -consideres'vellm
603 1775 675 1842 eius
692 1774 784 1842 modi
797 1774 940 1853 dicendi,
957 1775 1014 1859 qui
1027 1774 1175 1860 imagine
1187 1773 1336 1840 adhibita
1350 1772 1395 1840 de
1405 1772 1568 1858 sapientis

281 1883 451 1969 opinione
464 1885 775 1966 ornateexpressus
787 1881 946 1967 reperitur
956 1897 983 1948 c.
996 1880 1053 1948 Ac.
1066 1880 1091 1948 ll
1108 1881 1162 1946 14:
1188 1897 1316 1964 ,neque
1334 1879 1568 1966 iiliopinionis

280 1989 463 2076 naufragio
505 1989 709 2074 sapientis
751 1987 1080 2057 committendam
1124 1987 1201 2054 esse
1238 1988 1374 2068 vitam“,
1422 1986 1566 2054 similem

288 2096 459 2183 quendam
488 2093 588 2163 nobis
619 2113 793 2163 occurrere
820 2093 878 2162 Ac.
896 2094 924 2160 ll
947 2094 1005 2161 68:
1040 2144 1098 2172 ,..
1123 2096 1159 2159 ut
1188 2096 1256 2161 tani
1286 2093 1319 2160 in
1351 2092 1565 2180 praecipitem

279 2204 398 2270 locum
422 2220 492 2269 non
516 2201 638 2269 debeat
660 2219 697 2269 se
719 2202 882 2288 sapiens
906 2201 1185 2268 committere.“
1485 2197 1489 2206 '

308 2345 310 2349 ’
375 2328 442 2394 lam
474 2311 641 2413 'sequatur'
657 2330 890 2414 argumentum
913 2325 1061 2393 Zenonis
1089 2342 1117 2393 c.
1139 2324 1198 2393 Ac.
1215 2324 1239 2392 ll
1259 2325 1313 2391 11:
1341 2322 1427 2402 ,Sed
1450 2342 1566 2391 verum

279 2453 355 2502 non
379 2421 482 2520 posse
499 2433 739 2520 comprehendi
753 2452 794 2501 ex
818 2434 873 2500 illa
890 2433 993 2500 Stoici
1008 2431 1155 2499 Zenonis
1173 2431 1369 2498 delinitione
1390 2431 1567 2517 arripuisse

278 2540 496 2622 videbantur,
520 2541 577 2625 qui
602 2541 647 2607 ait
670 2540 704 2607 id
727 2559 842 2608 verum
865 2539 990 2626 percipi
1014 2556 1128 2624 posse,
1157 2537 1249 2624 quod
1274 2537 1318 2604 ita
1341 2540 1429 2607 esset
1452 2537 1567 2604 animo
1587 2558 1589 2562 ·

286 2633 523 2734 impressum
559 2665 604 2714 ex
639 2665 700 2729 eo,
734 2647 839 2715 unde
874 2649 997 2727 esset,
1037 2648 1072 2712 ut
1106 2663 1197 2713 esse
1232 2663 1314 2712 non
1350 2644 1488 2733 posset
1522 2661 1568 2710 ex

282 2773 348 2834 e0,
378 2754 480 2822 unde
504 2772 583 2821 non
607 2757 723 2822 esset.
771 2753 873 2836 Quod
901 2753 1034 2820 brevius
1058 2753 1260 2838 planiusque
1283 2752 1331 2819 sic
1359 2751 1485 2831 dicitur,
1514 2751 1567 2817 his

284 2863 419 2948 signis
443 2879 558 2929 verum
583 2849 685 2947 posse
713 2859 962 2947 comprehendi,
987 2877 1073 2944 quae
1097 2859 1194 2944 signa
1218 2876 1288 2925 non
1312 2860 1423 2942 potest
1445 2857 1568 2924 habere

287 2968 380 3060 quod
403 2969 525 3036 ialsum
550 2971 630 3035 est.“
679 2966 905 3053 augustinum
922 2965 1094 3042 Ciceronis
1117 2965 1218 3032 verba
1233 2968 1266 3033 et
1285 2965 1468 3033 sententias
1492 2982 1567 3050 pro·

285 3076 375 3167 terre
400 3074 583 3142 dilucidum
619 3077 669 3142 est
708 3092 749 3141 ex
787 3073 887 3140 huius
922 3073 1117 3140 definitione
1155 3072 1217 3139 visi
1257 3070 1567 3157 comprehensibilis

286 3181 386 3249 Aeli
404 3183 444 3249 18
462 3181 643 3268 explicata:
665 3181 930 3268 ,impressum
947 3179 1163 3264 edictumque
1179 3198 1227 3247 ex
1243 3197 1306 3259 eo,
1324 3177 1429 3246 unde
1445 3180 1566 3257 esset,

280 3289 386 3374 quale
421 3307 511 3356 esse
545 3306 623 3355 non
659 3290 797 3373 posset
835 3306 879 3354 ex
918 3305 979 3367 eo,
1018 3287 1121 3354 unde
1157 3281 1376 3354 non'esset
1495 3284 1567 3372 (qui

287 3396 376 3462 eninr
416 3398 529 3481 potest
566 3394 752 3481 quidquam
793 3392 1044 3479 comprehendi,
1091 3396 1126 3459 ut
1164 3393 1263 3479 plane
1301 3392 1452 3460 coniidas
1494 3410 1567 3477 per·

286 3505 422 3588 ceptum
447 3501 480 3568 id
504 3502 745 3587 cognitumque
761 3518 846 3581 esse,
872 3500 965 3585 quod
993 3502 1043 3566 est
1070 3500 1146 3579 tale,
1171 3499 1270 3585 quale
1285 3499 1339 3566 vel
1354 3499 1476 3566 falsum
1493 3515 1567 3565 esse

288 3609 438 3694 possins<
479 3606 650 3678 uddone.
667 3608 766 3675 1133:
794 3606 1064 3693 ,dignoscuntur
1084 3606 1211 3693 reliqua
1227 3606 1332 3691 visis),
1356 3605 1416 3672 sed
1434 3605 1567 3691 propria

280 3716 366 3794 veri,
395 3733 465 3782 non
495 3714 667 3782 communi
694 3714 762 3781 veri
791 3716 824 3780 et
850 3713 925 3780 ialsi
949 3714 1084 3792 nota“,
1118 3716 1150 3779 et
1177 3713 1236 3779 34:
1270 3713 1324 3790 ,ln
1348 3731 1390 3780 eo
1415 3710 1515 3798 (viso)
1539 3711 1567 3778 si

281 3823 349 3888 erit
377 3822 600 3889 communitas
629 3821 824 3902 cumialso,
854 3820 984 3887 nullum
1010 3819 1068 3886 erit
1091 3819 1261 3899 iudicium,
1291 3820 1370 3905 quia
1395 3819 1567 3904 proprium

283 3929 461 3996 communi
485 3929 605 4014 signo
629 3929 736 3996 notari
760 3946 830 3995 non
855 3929 992 4012 potest.
1010 3977 1018 3993 .
1036 3977 1044 3993 .
1062 3979 1069 3992 .
1086 3926 1120 3993 id
1144 3927 1235 3994 enim
1252 3943 1388 4010 quaero,
1413 3925 1507 4012 quod
1524 3925 1568 3992 ita

288 4035 370 4101 mihi
392 4035 543 4102 videatur
564 4052 691 4115 verum,
716 4037 845 4101 utnon
869 4033 978 4119 possit
1002 4033 1081 4101 item
1105 4033 1226 4100 falsum
1251 4031 1386 4099 videri.“
1435 4031 1568 4099 Deinde

289 4142 385 4209 initio
417 4144 438 4226 ᾗ
471 4143 507 4209 11
542 4141 710 4227 exposita:
749 4141 854 4219 ,Nam
885 4142 918 4206 et
949 4139 1158 4209 Academicis
1188 4139 1314 4223 placuit
1344 4155 1407 4206 nec
1437 4139 1567 4206 homini

288 4249 460 4316 scientiam
504 4266 606 4334 posse
644 4248 837 4333 contingere
876 4265 988 4314 earnm
1027 4246 1199 4313 dumtaxat
1236 4257 1356 4326 rerum,
1400 4262 1487 4330 quae
1525 4245 1567 4312 ad

288 4355 593 4442 philosophiam
627 4355 843 4440 pertinent,
882 4372 961 4420 nani
997 4356 1131 4421 cetera
1165 4366 1278 4419 curare
1306 4371 1343 4419 se
1374 4351 1567 4419 Carneades

288 4463 452 4549 negabat“
486 4461 604 4528 iterum
633 4462 778 4547 legimus
807 4458 1057 4529 c.nc.11122:
1090 4459 1254 4546 ,Ergone
1282 4460 1337 4538 ait,
1366 4457 1567 4539 Carneades,

289 4568 436 4636 dicturus
461 4586 497 4636 es
520 4569 648 4636 nescire
671 4572 714 4647 te,
739 4570 847 4634 utrum
872 4567 976 4634 homo
999 4567 1046 4634 sis
1070 4585 1112 4634 an
1132 4566 1290 4634 formica?
1308 4617 1315 4630 .
1334 4615 1367 4632 ..
1406 4565 1568 4633 Dicamus

282 4693 328 4741 ea
357 4693 421 4742 nos
449 4674 577 4743 nescire
605 4693 692 4760 quae
720 4675 804 4743 inter
827 4673 1100 4759 philosophos
1120 4673 1342 4759 inquiruntur,
1371 4675 1501 4740 cetera
1525 4669 1569 4739 ad

283 4800 353 4850 znos
377 4799 446 4849 non
471 4783 708 4868 pertinere.“
757 4780 843 4847 Turn
867 4783 1102 4866 comparentur
1124 4783 1157 4848 el
1180 4779 1280 4847 haec:
