3544 5320
836 308 1007 368 ..72-

286 515 531 596 adumbratum,
556 515 708 600 quaestio
725 517 776 581 est
791 512 833 580 de
851 513 1027 600 proposito
1043 511 1190 581 indicato
1204 514 1315 582 verbis
1331 533 1359 581 c.
1377 512 1433 580 Ac.
1449 509 1494 580 lli
1510 512 1564 579 14:

289 621 441 699 „Deinde
458 672 465 686 .
484 673 490 686 .
510 673 517 689 .
535 621 722 700 ostendam,
756 638 844 706 quae
867 637 968 687 causa
991 620 1087 688 luerit
1112 620 1323 689 Academicis
1347 619 1565 688 occultandae

286 729 472 796 sententiae
511 735 621 795 suae.“
692 726 818 796 Omnia
853 729 963 793 autem
1000 726 1042 794 de
1076 727 1139 794 hac
1171 728 1307 794 materia
1342 727 1443 806 dicta,
1479 743 1565 812 quae

285 853 364 920 pag.
376 834 419 900 26
432 833 574 900 breviter
589 834 747 919 exposui,
764 833 798 900 in
815 832 1023 934 Academicis
1038 834 1165 902 traditis
1182 834 1312 902 desunt.
1347 834 1566 920 inspiciantur

287 941 392 1030 velim¹
411 941 444 1007 hi
468 941 549 1008 loci:

476 1097 709 1168 omfflffi

332 1207 445 1274 Plato
463 1259 470 1272 .
489 1258 496 1271 .
515 1257 522 1274 .
540 1207 672 1286 dicitur
691 1209 783 1292 post
798 1223 898 1288 mor-

285 1317 363 1381 tem
393 1313 621 1382 Socratis.
641 1364 664 1393 .,
694 1331 809 1397 quern.
825 1313 900 1380 sin-

287 1419 464 1506 gulariter
492 1419 683 1502 dilexerat,
714 1419 899 1506 aPytha-

287 1526 423 1612 goreis
447 1525 545 1593 etiam
570 1527 673 1593 muita
696 1525 899 1593 didicisse.

288 1631 496 1720 Pythagoras
525 1636 634 1701 autern
660 1683 719 1700 ...
744 1632 899 1699 immor·
918 1641 920 1646 '

288 1739 406 1807 talem
442 1755 517 1818 esse
547 1741 720 1807 animum
751 1737 899 1807 credidit.

288 1846 390 1932 igitur
405 1845 500 1914 Plato
517 1846 666 1914 adiciens
682 1845 798 1930 lepori
815 1846 901 1913 sub-

289 1951 486 2035 tilitatique
509 1951 718 2022 Socraticae
742 2004 749 2018 .
776 2002 783 2018 .
807 2003 815 2017 .
844 1970 901 2019 na·

290 2059 445 2126 turaiium
493 2059 747 2145 divinarumque
793 2076 900 2126 rerum

291 2154 458 2250 peritiam,
496 2182 597 2249 quarn
626 2167 676 2233 ab
711 2165 775 2245 eis,
814 2182 902 2251 quos

292 2261 863 2357 memoravi,diligenteracceperat.
877 2309 901 2352 .=,

291 2365 468 2463 perfectam
508 2378 625 2445 dicitur
666 2379 902 2464 composuisse

1163 1099 1245 1185 Rep.
1261 1096 1276 1165 Ι
1295 1099 1349 1166 16:

1001 1204 1259 1274 ..Platonem
1281 1204 1442 1273 Socrate
1466 1223 1564 1272 mor·

954 1315 1025 1380 tuo
1060 1330 1096 1379 se
1131 1316 1164 1379 et
1200 1311 1395 1379 hominibus
1423 1310 1564 1398 Pytha-

954 1419 1092 1505 goreis
1120 1422 1153 1485 et
1181 1417 1301 1485 studiis
1329 1417 1393 1485 iilis
1423 1417 1565 1485 dedisse.

954 1525 1069 1610 ltaque
1093 1543 1168 1592 cum
1194 1524 1363 1593 Socratem
1386 1524 1495 1593 unice
1514 1524 1566 1591 di·

955 1631 1114 1714 lexisset,
1140 1683 1172 1700 ..
1194 1683 1201 1700 .
1225 1632 1389 1716 leporem
1410 1630 1567 1700 Socrati·

956 1754 1037 1806 curn
1062 1737 1374 1821 subtilitatemque
1402 1737 1567 1806 sermonis

955 1862 1031 1912 cum
1066 1845 1267 1913 obscuritate
1295 1845 1503 1932 Pythagorae
1536 1847 1568 1911 el

956 1969 1031 2018 cum
1079 1951 1134 2018 illa
1180 1951 1396 2037 plurimarum
1449 1952 1567 2018 artium

956 2057 1115 2144 gravitate
1139 2057 1318 2125 contexuit.

1160 2198 1259 2267 Tusc.
1283 2197 1372 2266 1392·

1000 2306 1175 2373 Platonem
1214 2305 1336 2374 ierunt
1374 2305 1570 2373 didicisse

956 2411 1210 2500 Pythagorea
1227 2413 1341 2480 omnia
1353 2412 1567 2497 primumque

291 2484 527 2571 Phi¹⁰⁸⁰phi³e
550 2484 772 2570 disciplinam·
957 2518 1000 2586 de
1050 2519 1276 2587 animorum
1330 2519 1568 2587 aeternitate

957 2644 1027 2692 non
1051 2626 1161 2692 solum
1185 2625 1333 2693 sensisse
1362 2624 1451 2693 idern
1475 2625 1569 2711 quod

957 2732 1193 2819 Pythagoram,
1211 2731 1270 2799 sed
1287 2732 1451 2799 rationem
1469 2732 1569 2800 etiam

958 2837 1118 2906 attulisse.

381 2979 464 3050 Tam
498 2980 686 3070 luculentae
720 2978 964 3049 consensiones
999 2982 1033 3048 in
1067 2980 1241 3048 vocabulis
1269 2998 1448 3065 rerumque
1482 2999 1570 3048 nexu

294 3107 363 3155 non
405 3089 609 3173 explicantur
643 3089 707 3155 nisi
736 3087 944 3174 Augustinus
976 3088 1011 3154 in
1044 3089 1106 3154 hac
1134 3087 1345 3173 paragrapho
1374 3086 1570 3156 Ciceronem

293 3194 405 3281 ipsum
432 3195 583 3262 imitatus
609 3194 703 3279 est1).
759 3193 845 3262 Cum
878 3213 956 3262 vero
985 3194 1163 3280 descriptio
1192 3194 1279 3260 iilius
1311 3195 1346 3260 in
1378 3210 1415 3261 se
1443 3211 1571 3262 conexa

294 3301 512 3385 inspiciendis
525 3301 597 3368 istis
614 3299 749 3368 duobus
765 3302 897 3369 alterius
911 3301 993 3368 iocis
1009 3301 1128 3368 exoriri
1143 3319 1213 3368 non
1230 3301 1384 3387 potuerit,
1407 3300 1570 3368 amissum

296 3602 298 3608 .
384 3548 406 3616 ¹)
425 3547 522 3617 Neque
540 3550 621 3620 igitur
640 3548 778 3621 intellego,
802 3548 941 3618 quomodo
959 3549 1125 3604 sustineatur
1138 3547 1250 3603 llirzelii
1262 3549 1409 3613 sententia,
1427 3562 1498 3617 quae
1517 3549 1571 3603 est:

293 3637 476 3708 Augustinum
490 3637 675 3709 paragraphos
686 3637 722 3693 37
732 3653 792 3708 sqq.
806 3653 860 3692 non
874 3652 909 3692 ex
920 3636 996 3692 ionte
1012 3636 1132 3706 quodam
1151 3637 1312 3706 sumpsisse,
1326 3637 1378 3692 sed
1391 3650 1470 3692 suam
1487 3639 1572 3706 ipsius

291 3728 397 3782 tanturn
411 3725 569 3796 opinionem
581 3727 724 3796 explicare.
754 3725 830 3782 Duos
843 3726 918 3782 iocos
931 3726 976 3781 ille
988 3723 1065 3780 alieri
1078 3725 1113 3781 ad
1126 3739 1186 3781 eam
1199 3723 1423 3790 confirmandam,
1442 3741 1465 3780 c.
1478 3725 1527 3780 Ac.
1541 3724 1572 3780 lll

291 3814 340 3870 37:
363 3813 480 3882 ,Audite
493 3816 546 3871 iarn
558 3815 651 3885 paullo
663 3816 800 3880 attentius,
820 3816 968 3885 nonquid
986 3817 1100 3881 sciam,
1119 3814 1179 3869 sed
1198 3814 1277 3884 quid
1296 3815 1493 3880 existimem,
1514 3858 1519 3869 .
1539 3854 1547 3869 .
1566 3857 1573 3870 .

291 3905 373 3974 quale
400 3904 466 3958 mihi
494 3903 619 3972 videatur
645 3919 707 3960 esse
730 3905 816 3959 toturn
843 3905 1068 3961 Academicorum
1107 3903 1264 3962 consillum?
1300 3905 1329 3960 et
1355 3903 1456 3960 11138:
1490 3904 1574 3970 ,haec

293 3995 321 4048 et
338 3994 389 4048 alia
408 3995 488 4047 huius
501 3992 575 4049 modi
595 3995 674 4048 mihi
692 3994 851 4050 videntur
869 3995 939 4049 inter
950 4008 1124 4049 successores
1137 3995 1198 4047 elus
1212 3992 1262 4062 (sc.
1275 3992 1425 4063 Platonis).
1437 4035 1443 4048 .
1455 4008 1573 4050 esse...

291 4097 342 4152 pro
361 4083 497 4152 mysteriis
517 4082 675 4138 custodita·
700 4081 774 4154 ¹ligo
796 4084 908 4152 quidem
932 4082 1006 4139 addo
1024 4084 1145 4138 tertium:
1169 4096 1192 4138 c.
1205 4081 1253 4136 Ac.
1266 4081 1297 4136 lll
1312 4082 1357 4136 14:
1384 4080 1517 4146 ,Deinde
1540 4083 1574 4135 ut

294 4173 374 4226 mihi
396 4156 552 4237 videtur,
566 4171 709 4227 ostendam
732 4186 803 4242 quae
828 4186 911 4227 causa
934 4171 1013 4226 luerit
1030 4171 1201 4227 Academicis
1223 4171 1402 4226 occultandae
1421 4173 1574 4226 sententiae

292 4265 385 4316 suae·
427 4259 482 4316 sed
514 4275 624 4331 quaero,
660 4275 725 4316 nuru
753 4263 803 4316 ista
831 4276 859 4316 re
886 4276 950 4316 vera
973 4263 1027 4318 sint
1045 4260 1249 4316 accommodata
1275 4259 1310 4314 ad
1337 4259 1573 4330 persuadendum!

294 4348 380 4416 Quasi
405 4364 469 4406 vero
494 4351 537 4406 iiia
560 4351 663 4420 opinio,
691 4353 714 4405 si
737 4352 764 4405 in
787 4349 863 4406 ionte
887 4351 1027 4406 enucleata
1049 4348 1153 4413 luisset,
1177 4350 1205 4403 et
1227 4348 1384 4420 Augustino
1407 4350 1460 4419 ipsi
1483 4362 1574 4419 neque

295 4439 378 4494 tontis
405 4441 458 4494 iam
493 4441 595 4495 auctori
624 4441 711 4494 videri
739 4439 822 4496 modo
850 4441 976 4510 potuerit.
1003 4437 1145 4494 ,Proiecto
1173 4453 1208 4494 ex
1235 4440 1436 4508 comparatione
1454 4437 1574 4494 vidimus

294 4528 368 4584 idern
405 4529 438 4583 ab
477 4531 591 4598 utroque
627 4531 735 4584 auctore
771 4544 820 4599 pro
855 4531 985 4598 opinione
1025 4527 1304 4598 (ierunt-dicitur)
1343 4527 1465 4582 habitum
1502 4523 1573 4582 esse.

293 4617 369 4674 llaec
392 4621 459 4674 satis
482 4620 544 4684 sini,
568 4620 597 4673 ut
620 4621 708 4674 celera
731 4619 864 4682 omittam,
886 4617 921 4672 ad
940 4617 1090 4674 llirzeiium
1112 4616 1302 4674 refellendum.
1338 4616 1446 4672 Etenim
1464 4629 1575 4686 prorsus

294 4721 349 4763 non
370 4711 441 4763 recte
460 4709 526 4763 mihi
546 4707 656 4777 quidem
670 4706 778 4761 videtur
796 4707 986 4776 interpretatus
1005 4721 1066 4762 esse
1085 4722 1108 4761 c.
1120 4706 1168 4762 Ac.
1182 4706 1260 4762 11143
1279 4705 1363 4776 (llirz.
1377 4705 1417 4771 lll,
1430 4703 1575 4774 2l8sqq.).
