3544 5320
742 388 919 447 ..79-

187 589 416 670 Academiam,
441 593 645 660 ...tractari
669 596 779 661 autem
804 599 947 661 novam¹‘
974 629 1018 642 -
1041 592 1198 681 (Ciceroh
1233 593 1469 679 „Quamquam

190 696 344 765 Antiochi
362 697 519 784 magister
535 697 632 767 Philo
650 750 657 766 .
675 752 682 767 .
701 750 708 765 .
725 704 827 785 negat
843 700 877 766 in
894 700 986 768 libris
1003 751 1011 768 .
1029 751 1037 768 .
1055 751 1063 767 .
1080 700 1165 767 duas
1179 699 1379 769 Academias
1395 719 1471 770 esse

186 822 403 888 erroremque
434 822 560 884 eorum,
596 806 654 889 qui
686 806 729 873 ita
764 810 930 891 putarunt,
971 808 1150 893 coarguit¹⁴
1183 845 1227 856 -
1258 806 1326 888 Est,
1362 808 1470 892 inquit

186 908 332 995 (Varro),
371 913 406 977 ut
444 910 542 992 dicis;
585 912 644 979 sed
683 912 838 998 ignorare
875 915 908 981 te
942 931 1012 981 non
1048 914 1195 994 arbitror,
1235 932 1322 999 quae
1357 918 1470 983 contra

189 1016 375 1085 Antiochus
398 1018 574 1104 scripserit.
595 1057 639 1066 —
661 1017 770 1087 Immo
792 1037 871 1087 vero
895 1022 932 1086 et
954 1019 1018 1087 ista
1034 1024 1070 1088 et
1093 1024 1196 1088 totam
1219 1023 1363 1088 veterem
1387 1020 1469 1089 Aca·

189 1123 336 1191 demiam
354 1174 362 1191 .
380 1174 387 1191 .
406 1125 607 1193 ..renovari
636 1144 656 1192 a
683 1128 764 1194 te..
784 1175 791 1192 .
810 1181 818 1198 .
834 1126 967 1194 velim“.
1014 1126 1187 1209 Quoniam
1218 1126 1341 1194 deinde
1364 1126 1468 1196 Varro

184 1230 387 1315 §§15-42
420 1230 586 1314 describit,
621 1232 908 1316 quemadmodum
940 1236 1038 1301 vetus
1066 1232 1247 1302 Academia
1280 1252 1299 1301 a
1332 1233 1468 1302 Socrate

190 1355 298 1421 usque
321 1337 364 1405 ad
381 1337 553 1406 Zenonem
578 1357 757 1426 progressa
781 1339 833 1420 sit,
857 1340 996 1408 alterum
1021 1341 1167 1426 perfecit,
1192 1340 1285 1426 quod
1309 1340 1353 1408 ad
1368 1358 1467 1408 suum

188 1462 313 1511 munus
340 1445 535 1530 pertinebat.
582 1443 668 1513 Tum
697 1447 731 1512 in
758 1447 780 1530 §
803 1445 846 1514 43
875 1446 1099 1514 adversarium
1127 1447 1242 1514 incitat
1264 1447 1326 1515 sic:
1358 1446 1469 1525 „Tuae
1510 1489 1513 1494 ·

188 1553 267 1618 sunt
290 1569 380 1619 nunc
402 1554 521 1636 partes,
550 1552 607 1636 qui
631 1553 673 1620 ab
697 1552 909 1638 antiquorum
930 1555 1059 1623 ratione
1075 1553 1243 1635 desciscis,
1262 1605 1269 1619 .
1287 1603 1295 1620 .
1311 1605 1319 1622 .
1337 1553 1467 1634 docere,

183 1657 281 1742 quod
305 1662 426 1742 etqua
449 1657 492 1726 de
515 1676 616 1725 causa
645 1658 822 1727 discidium
846 1659 968 1727 lactum
993 1661 1046 1740 sit,
1074 1663 1109 1727 ut
1130 1659 1315 1746 videamus,
1343 1661 1468 1728 satisne

187 1765 251 1832 ista
273 1765 316 1832 sit
338 1765 425 1832 iusta
449 1765 622 1832 deiectio“.
662 1764 711 1832 Ex
734 1766 786 1832 his
810 1766 921 1834 verbis
944 1764 1117 1834 Ciceronis
1141 1784 1217 1834 esse
1240 1766 1468 1836 demonstrare

182 1872 294 1939 elucet
322 1890 359 1940 se
387 1890 406 1938 a
434 1872 600 1939 sententia
628 1872 841 1957 antiquorum
871 1890 1008 1958 prorsus
1037 1891 1106 1941 non
1135 1872 1344 1941 dissensisse.
1392 1873 1468 1941 Hoc

187 1996 221 2046 re
249 1996 326 2045 vera
355 1979 397 2045 ab
425 1996 467 2046 eo
496 1979 676 2064 suscipitur
702 1979 737 2045 in
765 1982 911 2046 extrema
942 1982 1034 2065 parte
1061 1978 1337 2049 Academicorum
1369 1982 1465 2067 post,

181 2103 273 2170 quae
300 2087 489 2172 supersunt.
535 2081 573 2151 In
600 2085 651 2164 iis,
683 2102 771 2169 quae
798 2086 924 2152 amissa
953 2090 1041 2165 sunt,
1071 2085 1144 2154 libri
1173 2084 1197 2154 I.
1223 2086 1265 2155 de
1292 2085 1466 2155 Carneade

185 2196 218 2260 et
240 2193 320 2271 rixa,
351 2209 438 2276 quae
462 2191 540 2258 huic
562 2210 638 2259 cum
662 2192 863 2259 Mnesarcho
887 2196 919 2260 et
940 2191 1114 2278 Antipatro
1139 2193 1260 2261 Stoicis
1283 2197 1361 2273 erat,
1391 2211 1466 2261 esse

183 2302 483 2366 commemoratum
517 2297 722 2381 Krischiuslt
758 2302 844 2366 recte
878 2299 1038 2385 suspicari
1072 2300 1154 2366 mihi
1186 2299 1332 2380 videtur;
1367 2301 1466 2368 nixus

181 2407 275 2473 enim
304 2417 354 2473 est
380 2405 568 2491 fragmento
597 2424 616 2471 a
639 2404 754 2472 Nonio
782 2423 860 2491 pag.
885 2405 928 2472 65
955 2405 1089 2474 tradito:
1127 2404 1264 2482 ,Cicero
1290 2404 1464 2474 Academi·

180 2531 299 2580 corum
323 2512 380 2580 lib.
397 2509 431 2579 l.:
457 2510 549 2593 Quid
573 2515 684 2579 autem
703 2512 929 2580 stomachatur
942 2511 1172 2593 Mnesarchus,
1198 2512 1278 2598 quid
1294 2511 1466 2599 Antipater

184 2618 386 2704 digladiatur
417 2637 492 2686 cum
522 2616 695 2686 Carneade
727 2620 777 2686 tot
803 2615 1074 2686 voluminibus?“
1122 2617 1232 2702 Atque
1260 2619 1350 2687 aliud
1380 2620 1464 2707 trag·

184 2727 334 2792 mentum
358 2725 432 2792 libri
456 2722 479 2790 Ι.
504 2725 592 2792 idem
617 2725 723 2792 attulit
747 2743 766 2792 a
789 2723 904 2793 Nonio
928 2744 1005 2812 pag.
1030 2725 1072 2792 43
1095 2729 1277 2793 servatum:
1309 2726 1462 2811 ,quicum

181 2831 402 2899 similitudine
424 2831 516 2901 verbi
540 2832 717 2899 concinere
741 2831 885 2899 maxime
909 2832 974 2899 sibi
998 2831 1195 2912 videretur“,
1220 2850 1288 2918 quo
1308 2831 1462 2900 Antiochi

182 2939 298 3006 nescio
329 2956 398 3022 quo
427 2937 530 3006 modo
559 2938 765 3005 mentionem
792 2937 912 3006 iactam
936 2955 1011 3006 esse
1035 2938 1195 3006 concedo.
1242 2937 1360 3023 Neque
1384 2957 1462 3006 vero

181 3045 212 3112 ei
234 3044 408 3124 assentior,
433 3043 524 3127 quod
549 3045 583 3110 in
598 3042 772 3112 Ciceronis
790 3045 940 3111 oratione
959 3063 1008 3124 ea,
1032 3062 1120 3128 quae
1136 3046 1258 3130 scripta
1274 3045 1463 3112 invenimus

183 3152 217 3219 in
245 3154 267 3236 §
298 3152 337 3220 15
364 3169 391 3220 c.
415 3150 473 3220 Ac.
497 3152 571 3219 libri
598 3148 677 3238 Ill),
706 3149 834 3218 inclusa
862 3151 966 3219 tuisse
994 3149 1162 3236 iudicatssl,
1195 3169 1270 3219 cum
1300 3152 1462 3220 memoria

178 3263 310 3326 tantum
335 3277 454 3336 rerum,
477 3276 565 3343 quae
589 3257 787 3324 fuissentin
811 3256 991 3325 Academia
1013 3261 1119 3326 aetate
1133 3257 1299 3337 Antiochi,
1324 3258 1462 3343 repetita

183 3366 233 3434 sit.
281 3365 384 3448 Quod
407 3365 436 3432 si
460 3365 504 3432 ita
527 3367 625 3444 esset,
653 3362 771 3431 Cicero
796 3363 935 3431 modum
961 3364 1024 3432 sibi
1048 3366 1091 3432 ab
1115 3365 1217 3433 altero
1240 3365 1350 3432 verbis
1373 3366 1394 3448 §
1418 3365 1462 3432 43

177 3490 283 3558 supra
318 3473 425 3540 allatis
460 3472 608 3557 positum
645 3470 853 3550 excessisset,
892 3470 1019 3557 quippe
1053 3472 1111 3556 qui
1146 3471 1343 3539 delectionis
1378 3489 1460 3540 suae

182 3580 344 3646 rationem
373 3581 500 3646 tantum
530 3577 666 3645 reddere
695 3577 839 3644 deberet.
887 3576 1011 3645 Contra
1040 3578 1096 3646 illa
1125 3578 1203 3663 in§
1231 3577 1270 3644 15
1298 3579 1459 3664 explicata

181 3685 339 3753 Varronis
369 3689 478 3772 partes
507 3684 722 3770 attingebant.
769 3682 856 3751 Huic
884 3684 983 3763 enim,
1012 3703 1088 3751 cum
1113 3683 1231 3753 Cicero
1260 3703 1361 3752 unam
1385 3702 1459 3752 esse

181 3791 396 3860 Academiam
421 3792 455 3859 in
474 3790 531 3858 Ac.
549 3790 559 3856 l
580 3790 619 3857 13
643 3790 839 3857 aitirmasset
862 3792 895 3858 et
916 3788 990 3858 143
1007 3808 1080 3875 sqq.
1105 3791 1317 3872 ostendisset,
1342 3809 1458 3858 secun·

178 3898 260 3965 dum
286 3897 330 3977 id,
355 3897 448 3982 quod
472 3897 519 3964 illi
543 3897 651 3982 primo
676 3896 907 3982 opposuisset:
936 3896 1024 3977 ,Est
1049 3900 1085 3964 ut
1104 3896 1198 3978 dicis,
1222 3898 1281 3965 sed
1306 3898 1458 3984 ignorare

178 4008 211 4074 te
239 4023 308 4071 non
338 4005 485 4083 arbitror,
514 4020 601 4088 quae
628 4005 742 4072 contra
772 4001 944 4090 [Philonis]
973 4003 1031 4090 (sc.
1055 4004 1113 4088 qui
1142 4006 1244 4090 negat
1271 4003 1355 4071 duas
1382 4022 1458 4071 esse

177 4109 390 4196 Academias)
413 4110 598 4178 Antiochus
623 4110 820 4195 scripseris,
845 4110 945 4177 huius
961 4109 1134 4178 Ciceronis
1158 4114 1191 4178 et
1207 4108 1358 4177 Philonis
1382 4128 1456 4177 sen·

177 4218 299 4285 tentiae
322 4217 483 4286 contraria
507 4215 681 4303 probanda
704 4219 782 4283 erat.
821 4215 941 4300 Neque
964 4234 1042 4284 vero
1063 4216 1096 4284 id
1122 4217 1233 4302 ipsum
1251 4220 1457 4284 narratorum

178 4341 270 4392 more
294 4324 336 4390 ab
361 4324 551 4391 adversario
576 4323 700 4408 suscipi
725 4322 797 4389 eius
821 4323 984 4390 intererat.
1024 4323 1130 4390 immo
1154 4341 1229 4390 cum
1255 4323 1288 4389 in
1312 4321 1455 4391 Ac.113

175 4449 196 4496 a
226 4429 388 4498 Cicerone
423 4432 623 4510 commotus,
659 4432 695 4496 ut
727 4431 840 4496 contra
868 4429 1044 4497 Philonem
1076 4428 1233 4496 Antiochi
1261 4431 1456 4516 argumenta

267 4609 289 4676 ¹)
309 4622 370 4678 pag.
392 4606 441 4662 179
460 4620 509 4675 sq..

265 4695 289 4766 ¹)
308 4695 341 4751 ci.
360 4710 440 4766 supra
459 4711 521 4767 pag.
541 4694 584 4750 33.

265 4785 287 4854 ὅ)
309 4799 371 4857 pag.
392 4785 450 4840 181.
