3544 5320
820 431 996 491 ...30-

268 647 387 706 trersus
415 629 483 705 veos
518 637 577 705 erit
604 629 686 705 etc.“
722 638 823 705 nobis
857 636 1084 722 colligendum
1120 639 1184 714 est,
1216 635 1273 720 qui
1306 635 1383 703 talia
1412 625 1454 701 de
1483 633 1554 700 illis

269 733 426 829 exponat,
455 758 532 810 eum
562 745 712 829 ipsorum
742 745 861 829 placita
890 745 1086 828 approbare.
1132 741 1480 828 Augustinusautem
1501 741 1550 808 ab

270 848 479 918 Academicis
508 850 677 929 dissentit,
708 870 784 918 cum
809 869 836 918 c.
854 849 910 918 Ac.
928 850 999 917 125
1022 870 1059 916 se
1083 868 1157 917 reos
1180 850 1354 917 citaturum
1383 866 1443 916 eos
1471 864 1555 914 esse

271 947 542 1042 pronuntiaverit.
589 958 755 1040 Quem-ut
770 957 871 1042 plane
887 957 1130 1042 intellegamus,
1154 973 1292 1024 necesse
1316 958 1368 1023 est
1390 953 1548 1022 adhibere

270 1061 327 1130 Ac.
345 1063 441 1131 1160:
467 1063 574 1144 „Volo
592 1116 598 1130 .
618 1116 650 1130 ..
674 1064 797 1145 videre,
823 1064 904 1150 quid
928 1063 1113 1131 invenerint
1135 1063 1194 1148 (sc.
1216 1060 1431 1143 Academici).
1469 1061 1547 1140 Non

270 1171 435 1249 solemne,
464 1170 585 1255 inquit,
615 1171 801 1238 ostendere.
832 1209 876 1218 -
907 1171 1012 1253 Quae·
1027 1172 1104 1236 sunt
1126 1170 1261 1237 tandem
1286 1169 1348 1236 ista
1372 1168 1556 1255 mysteria?

270 1279 327 1344 aut
349 1277 544 1344 cur-celatis
570 1328 628 1342 ...
659 1278 858 1344 sententiam
881 1273 1048 1344 vestram‘t
1077 1313 1121 1324 -—
1149 1275 1203 1357 Ut,
1233 1275 1290 1361 qui
1319 1275 1465 1354 audient,
1487 1325 1494 1340 .
1513 1321 1546 1340 ..

270 1384 398 1450 ratione
426 1383 539 1468 potius
568 1402 668 1468 quam
698 1385 891 1450 auctoritate
930 1383 1112 1450 ducantur“
1148 1385 1182 1449 et
1205 1396 1231 1450 c.
1252 1382 1310 1450 Ac.
1333 1381 1437 1450 11143:
1473 1381 1555 1462 „Ait

270 1490 361 1556 enim
385 1491 444 1570 (sc.
462 1489 593 1572 Cicero)
622 1490 687 1557 illis
718 1509 845 1556 morem
876 1490 980 1557 luisse
1008 1490 1196 1556 occultandi
1226 1489 1422 1557 sententiam
1452 1506 1547 1556 suam

270 1579 333 1663 nec
358 1614 432 1672 eam
456 1598 629 1681 cuiquam,
653 1597 718 1664 nisi
743 1598 799 1682 qui
824 1616 937 1665 secum
963 1598 1004 1663 ad
1029 1600 1233 1663 senectutem
1265 1614 1373 1681 usque
1400 1595 1554 1675 vixisset,

271 1702 398 1789 aperire
422 1709 639 1770 consuesse.“
686 1703 834 1789 Apparet
857 1703 957 1789 igitur
972 1703 1204 1797 Augustinum
1229 1720 1257 1772 c.
1273 1701 1330 1770 Ac.
1347 1702 1426 1770 1124
1454 1700 1547 1769 Cice-

270 1809 363 1876 ronis
387 1808 494 1894 ipsius
518 1811 717 1878 sententiam
742 1810 896 1896 proferre,
922 1811 1130 1895 quodetiam
1154 1809 1364 1877 manilestius
1387 1809 1424 1875 iit
1446 1827 1474 1875 c.
1489 1808 1552 1879 Ac..

271 1915 366 1982 1126:
392 1914 516 1997 „Talia
540 1917 648 2001 inquit
670 1915 899 1996 Academicus,
929 1917 1011 1984 mihi
1034 1917 1188 1984 videntur
1210 1916 1336 1996 omnia,
1361 1934 1451 2002 quae.
1472 1931 1549 2000 pro⁴

271 2023 395 2090 babilia
418 2023 471 2090 vel
494 2024 562 2090 veri
587 2024 707 2090 similia
724 2025 836 2110 putavi
861 2023 1075 2091 nominanda.
1105 2023 1202 2106 Quae
1225 2026 1260 2091 tu
1276 2023 1305 2091 si
1321 2023 1387 2091 alio
1410 2022 1555 2090 nomine

270 2129 322 2196 vis
349 2148 484 2209 vocare,
519 2130 602 2197 nihil
633 2149 796 2216 repugno.
844 2131 930 2198 Satis
966 2131 1055 2197 enirn
1090 2124 1171 2196 mihi
1207 2133 1258 2197 est
1290 2133 1324 2198 te
1359 2131 1425 2196 iam
1461 2131 1555 2198 bene

271 2238 452 2322 accepisse,
478 2237 558 2322 quid
575 2237 695 2317 dicam,
720 2238 754 2304 id
770 2242 829 2318 est,
855 2238 977 2322 quibus
993 2239 1092 2305 rebus
1110 2240 1191 2306 haec
1208 2237 1346 2304 nomina
1363 2238 1551 2323 imponam..

271 2344 349 2411 Non
385 2344 474 2411 enim
502 2346 741 2411 vocabulorum
778 2345 935 2430 opificem
964 2345 1024 2412 sed
1053 2361 1160 2411 rerum
1190 2345 1421 2430 inquisitorem
1454 2344 1554 2410 decet*

272 2469 346 2518 esse
370 2451 633 2536 sapientem...
658 2451 748 2533 Quid
773 2452 896 2537 putatis
913 2501 946 2518 ..
972 2450 1186 2530 Ciceronem,
1215 2452 1309 2518 cuius
1340 2453 1422 2518 haec
1447 2451 1549 2527 verba

272 2561 360 2637 suni,
389 2558 527 2642 inopem
550 2557 654 2624 luisse
683 2559 818 2626 Latinae
845 2559 1023 2644 linguaei“
1076 2558 1209 2626 Deinde
1239 2557 1388 2642 sequitur
1415 2575 1455 2625 ex
1483 2558 1555 2624 hoc·

272 2664 548 2732 Academicorum
594 2666 780 2750 fragmento
827 2666 1051 2732 adversarium
1097 2664 1269 2733 Ciceronis
1315 2664 1404 2731 idem
1450 2682 1548 2748 argu·

269 2776 424 2840 mentum
449 2791 490 2838 ex
517 2773 621 2842 verbo
654 2772 874 2852 ,·,verisimile“
908 2773 1143 2857 depromptum
1184 2775 1297 2840 contra
1329 2770 1555 2838 Academicos

272 2879 450 2965 protulisse
479 2883 579 2963 atque
606 2878 833 2964 Augustinum
865 2880 898 2944 in
926 2881 970 2962 ξς
998 2880 1037 2945 19
1062 2883 1094 2946 et
1116 2881 1174 2959 20,
1206 2883 1238 2946 et
1264 2878 1438 2966 Alypium,
1471 2895 1548 2954 cum

272 2984 445 3053 Ciceronis
466 2986 693 3052 auctoritatem
711 2986 901 3070 appellaret,
926 3004 977 3065 e0,
1002 2985 1094 3070 quod
1112 2987 1145 3051 in
1162 2985 1343 3053 refellendo
1358 2984 1427 3052 veri
1447 2983 1549 3051 simili

271 3093 448 3158 desverbis
472 3091 699 3176 Augustinum
717 3095 860 3158 certasse
876 3093 1062 3171 declaravit,
1087 3093 1249 3158 imitatum
1275 3109 1350 3159 esse
1373 3091 1553 3172 rationem,

273 3205 375 3285 quam
400 3199 456 3264 ille
479 3199 512 3263 in
536 3197 744 3265 Academicis
768 3203 962 3284 persecutus
986 3207 1046 3266 est.

290 3418 291 3422 Ἴ
361 3341 459 3408 Nunc
478 3343 711 3425 comparentur
727 3343 897 3426 utriusque
914 3344 1058 3410 auctoris
1074 3344 1108 3410 hi
1124 3344 1202 3424 loci,
1226 3343 1350 3428 quibus
1375 3341 1555 3427 probabile

274 3449 477 3516 enucleatur:

458 3609 485 3657 c.
510 3590 574 3657 Ac.
598 3589 622 3657 11
644 3592 702 3657 26:
734 3651 737 3656 .
909 3591 912 3696 1
1102 3591 1162 3660 Ac.
1187 3592 1287 3658 1199.
1315 3591 1387 3658 104.

317 3715 352 3782 ld
365 3716 539 3800 probabile
552 3717 602 3782 vel
616 3715 792 3782 verisimile
801 3714 883 3782 Aca·
983 3715 1114 3783 Etenim
1131 3717 1159 3782 is
1176 3735 1323 3802 quoque,
1340 3716 1398 3800 qui
1414 3734 1433 3781 a
1450 3715 1554 3782 vobis

273 3821 393 3890 demici
430 3825 568 3901 vocant,
608 3821 699 3907 quod
738 3841 802 3888 nos
841 3823 883 3889 ad
938 3822 1074 3907 sapiens
1091 3823 1265 3904 inducitur,
1281 3823 1384 3889 multa
1400 3821 1556 3905 sequitur·

272 3929 554 4014 agendumsine
565 3929 761 3995 assensione
775 3932 885 4013 potest
939 3929 1189 4015 probabilia..
1216 3981 1223 3996 .
1252 3948 1362 4015 neque
1393 3931 1549 4014 percepta

273 4035 420 4104 invitare.
438 4034 521 4104 Sine
533 4036 748 4104 assensione
760 4041 883 4103 autern
938 4055 1049 4122 neque
1066 4036 1236 4103 adsensa
1254 4087 1261 4101 .
1280 4087 1287 4102 .
1305 4087 1313 4102 .
1338 4037 1438 4102 huius
1454 4035 1549 4102 modi

271 4144 370 4225 dlco,
394 4146 429 4209 ut
456 4142 501 4222 id,
530 4142 623 4227 quod
646 4144 789 4228 agimus,
813 4161 882 4208 non
938 4144 1040 4230 igitur
1072 4145 1154 4211 visis
1192 4144 1333 4210 consilia
1370 4143 1479 4228 capiet
1517 4147 1550 4209 et

273 4250 451 4335 opinemur
473 4268 587 4317 verum
612 4268 697 4329 esse,
726 4254 783 4316 aut
813 4269 883 4317 non
939 4251 1082 4336 agendi
1112 4254 1144 4316 et
1171 4268 1252 4317 non¹
1272 4249 1429 4336 agendi.
1454 4249 1552 4336 (104)

273 4357 307 4424 id
345 4358 429 4424 scire
467 4357 677 4436 arbitremur,
720 4375 883 4441 agamus
938 4357 1082 4442 Reliquit
1116 4358 1282 4424 eiusmodi
1313 4358 1393 4435 visa,
1425 4357 1554 4442 quibus

272 4461 418 4544 tamen¹l
443 4513 450 4529 .
477 4512 484 4529 .
510 4515 517 4530 .
564 4463 599 4531 Si
628 4481 691 4530 nos
715 4463 882 4548 quispiam
939 4463 982 4530 ad
998 4464 1163 4531 actionem
1181 4465 1371 4546 excitemur,
1386 4515 1393 4530 .
1408 4514 1436 4530 ..
1462 4465 1549 4530 dum

278 4753 280 4759 ·
362 4729 385 4799 1)
403 4730 454 4785 lile
473 4731 609 4784 auctorem
633 4730 768 4784 artissime
794 4731 871 4797 sequi
891 4727 1031 4784 Ciceronis
1054 4731 1191 4798 quendam
1220 4733 1309 4786 locum
1329 4731 1443 4786 coniecit
1461 4729 1554 4785 Zeller·

271 4833 333 4895 pag.
346 4818 400 4874 515
419 4821 480 4874 adn.
494 4820 524 4885 33
543 4819 577 4875 cl.
596 4817 736 4876 Krischlus
756 4833 818 4890 pag.
835 4817 894 4874 188.
