3544 5320
749 407 927 468 ..25-

196 614 234 700 α)
259 614 311 682 De
335 613 549 701 perceptione
572 615 613 698 ᾗ)
629 613 772 680 22-29.
808 611 983 694 Carneadi,
1004 631 1080 681 curn
1097 632 1117 680 a
1133 611 1324 700 Chrysippo
1341 630 1478 700 pressus

200 721 339 788 dixisset
355 739 395 788 ea
411 723 540 788 tantum
558 721 600 788 ab
617 721 756 788 bomine
771 720 847 787 sciri
859 738 928 787 non
942 737 1055 807 posse,
1073 738 1160 806 quae
1172 719 1214 786 ad
1227 719 1476 806 philosophiam

195 827 411 913 pertinerent,
441 828 520 913 quia
542 825 689 895 Zenonis
713 826 865 895 definitio
892 827 1064 894 inventum
1089 829 1140 895 est
1163 826 1370 914 philosophi,
1398 844 1477 894 con·

200 932 404 1002 cludendum
432 933 529 1001 tuerit
558 951 628 1001 non
656 933 767 1001 solum
792 933 929 1020 aliquid,
953 933 1013 1000 sed
1038 933 1136 1001 etiam
1160 932 1246 1001 ialso
1270 933 1477 1001 simillimum

199 1041 257 1108 illa
286 1039 481 1109 labefactata
510 1040 635 1126 percipi
663 1058 777 1128 posse.
828 1040 918 1128 Ergo
954 1059 997 1108 ne
1024 1040 1058 1107 in
1094 1040 1311 1127 philosophia
1340 1039 1478 1125 quidem

197 1147 285 1214 nihil
334 1147 523 1234 percipitur.
578 1146 649 1235 (23)
690 1147 752 1216 Vel
790 1148 954 1234 insipiens
997 1165 1106 1216 rerum
1145 1147 1188 1214 ad
1226 1147 1477 1233 philosophiam

200 1254 438 1339 pertinentium
467 1256 649 1323 nonnullas
678 1255 739 1322 scit
767 1258 800 1322 et
823 1255 967 1340 primum
993 1255 1129 1341 quidem
1154 1254 1187 1321 in
1212 1254 1351 1342 physica
1375 1256 1477 1339 parte,

201 1361 293 1428 vetut
315 1361 479 1429 mundum
503 1379 578 1430 esse
601 1364 658 1429 aut
681 1378 786 1429 unum
810 1365 866 1429 aut
889 1380 959 1430 non
975 1377 1099 1441 unum,
1117 1360 1265 1449 aliasque
1282 1359 1477 1428 huiusmodi

204 1467 457 1536 disiunctiones.
503 1468 573 1556 (24)
604 1468 673 1551 Qui
703 1486 779 1536 esse
813 1470 916 1536 istum
940 1468 1105 1536 mundum
1133 1472 1235 1554 negat
1263 1469 1337 1536 sciri
1365 1485 1479 1553 posse,

199 1575 233 1642 ei
257 1575 436 1642 occurritur
447 1574 667 1644 Academicos
686 1594 756 1643 non
773 1575 936 1643 aliirmare
952 1575 1035 1642 nibil
1051 1574 1152 1642 nobis
1168 1574 1284 1655 videri,
1299 1574 1360 1643 sed
1376 1592 1479 1662 posse

202 1681 294 1748 aliud
318 1700 394 1750 esse
417 1700 458 1750 ac
479 1681 619 1763 videtur,
644 1699 788 1768 quorum
813 1682 904 1768 prius
928 1682 955 1749 si
979 1681 1102 1750 abillo
1127 1682 1264 1762 dicatur,
1288 1683 1392 1750 homo
1409 1700 1479 1749 non

198 1791 295 1870 errat,
347 1789 398 1856 sin
445 1789 595 1870 alterum,
644 1789 689 1856 de
733 1789 872 1858 nomine
915 1791 1045 1857 tantum
1087 1790 1314 1857 controversia
1359 1789 1479 1857 existit.

199 1895 274 1982 (25)
305 1895 440 1978 Quodsi
467 1896 540 1964 visa
568 1895 804 1963 dormientium
837 1895 891 1964 vel
917 1895 1110 1974 furientium
1138 1895 1325 1976 alterantur,
1366 1899 1480 1964 tamen

201 2002 370 2088 quaedam
405 2006 492 2084 sunt,
528 2021 615 2088 quae
656 2003 730 2086 ,vel
757 2021 883 2089 genere
912 2002 1063 2071 humano
1092 2005 1267 2071 stertente“
1298 2021 1375 2070 vera
1403 2002 1479 2069 sint.

199 2108 322 2196 Neque
345 2128 467 2177 sensus
491 2114 698 2190 accusantur,
723 2109 817 2196 quod
840 2110 874 2178 in
897 2109 1008 2178 furore
1030 2113 1063 2178 et
1078 2128 1201 2178 somno
1217 2109 1299 2178 ialsa
1316 2109 1480 2177 videntur.

200 2216 275 2303 (26)
310 2216 369 2284 Sin
403 2235 537 2304 semper
570 2235 633 2298 res,
668 2219 704 2284 ut
739 2219 863 2297 essent,
898 2217 1006 2284 oculis
1039 2235 1077 2286 se
1116 2216 1282 2297 oltenent,
1317 2219 1403 2283 certe
1433 2215 1480 2283 illi

199 2321 407 2409 deciperent,
435 2323 528 2409 quod
544 2324 644 2391 variis
660 2324 868 2391 exstantibus
884 2323 993 2392 causis
1008 2324 1098 2392 varie
1111 2323 1211 2391 nobis
1223 2341 1283 2390 eae
1299 2325 1482 2411 appareant

201 2447 343 2498 necesse
371 2432 432 2498 est.
478 2430 695 2516 Quamquam
724 2430 825 2498 etiarn
850 2430 914 2498 alia
945 2431 1049 2498 multa
1072 2449 1133 2516 pro
1157 2430 1314 2498 sensibus
1338 2433 1482 2516 possunt

201 2535 280 2612 dici,
305 2537 429 2622 quibus
443 2536 636 2605 Academici
652 2555 722 2604 non
743 2540 964 2605 occurrerunt.
1012 2537 1082 2623 (27)
1106 2537 1185 2605 Item
1203 2538 1237 2604 in
1265 2536 1482 2624 philosophia

204 2643 322 2710 morati
350 2643 521 2730 insipienti
552 2644 691 2712 scientia
720 2643 875 2730 obtingit,
915 2645 984 2727 (28)
1014 2663 1101 2731 quae
1129 2663 1172 2712 ne
1195 2662 1319 2712 somno
1343 2644 1481 2731 quidem

201 2750 341 2835 eripitur
366 2750 420 2818 vel
446 2749 566 2832 iurore,
596 2751 691 2818 cuius
719 2751 813 2818 modi
841 2752 911 2818 visa
940 2770 1015 2818 cum
1046 2752 1212 2839 sapientia
1242 2769 1312 2818 non
1341 2751 1481 2818 coniun-

201 2855 315 2942 genda
337 2860 426 2924 sunt.
473 2857 542 2940 (29)
566 2855 697 2926 Omnes
722 2862 833 2924 autem
858 2861 889 2925 et
905 2859 1161 2927 coniunctiones
1188 2865 1221 2926 et
1237 2857 1479 2926 disiunctiones

199 2981 299 3030 ueras
322 2981 397 3031 esse
421 2982 481 3049 per
503 2963 708 3032 dialecticam
733 2964 870 3032 docetur
892 2965 1005 3052 idque,
1030 2965 1137 3051 qualis
1161 2966 1204 3033 sit
1226 2968 1343 3033 natura
1364 2981 1480 3032 eorum

204 3071 364 3156 capitum,
396 3088 483 3156 quae
511 3088 571 3156 per
598 3071 820 3139 conexionem
843 3073 896 3140 vet
921 3073 1177 3158 repugnantiam
1200 3072 1371 3139 enuntiata
1394 3073 1481 3138 sunt.

202 3177 355 3261 Quarum
383 3197 490 3245 rerum
519 3179 680 3264 cognitio,
708 3179 736 3245 si
765 3179 908 3266 sapienti
939 3197 1009 3246 non
1037 3179 1183 3258 obvenit,
1211 3179 1253 3246 ad
1282 3177 1482 3265 sapientiam

202 3303 275 3353 non
288 3285 439 3373 pertinet.
469 3285 501 3372 β)
517 3285 568 3352 De
583 3285 779 3352 assensione
792 3286 909 3372 agitur.
933 3289 975 3370 ς)
986 3286 1130 3353 30-36.
1167 3284 1237 3373 (30)
1264 3284 1483 3353 Assensionis

205 3393 344 3460 retentio
360 3391 507 3459 tollenda
537 3396 595 3471 est,
620 3391 713 3478 quod
740 3393 887 3478 sapiens,
911 3411 988 3460 curn
1016 3393 1214 3479 sapientiam
1245 3379 1336 3472 sciat,
1361 3409 1482 3478 appro-

204 3499 263 3566 bat
298 3518 383 3566 eam.
430 3500 502 3586 (31)
530 3498 591 3567 Sin
620 3499 756 3585 sapiens
785 3502 817 3566 et
844 3499 1008 3586 sapientia
1037 3503 1203 3568 certamen
1227 3499 1410 3578 instituant,
1439 3497 1483 3566 de

205 3625 247 3674 eo
275 3610 333 3674 aut
361 3606 447 3673 hanc
470 3609 528 3673 aut
556 3605 650 3673 illum
681 3607 840 3674 victorem
869 3606 1040 3675 discedere
1068 3624 1208 3674 necesse
1236 3609 1296 3674 est.
1344 3605 1379 3672 Si
1403 3604 1484 3671 alter

205 3713 330 3793 vicerit,
361 3713 427 3780 iam
455 3731 526 3780 non
549 3713 685 3799 sapiens
709 3713 778 3793 erit,
807 3713 891 3800 quia
910 3731 1103 3798 perversum
1128 3715 1178 3781 est
1201 3713 1387 3799 sapientem
1412 3728 1484 3779 non

200 3821 394 3888 consentire
422 3820 617 3906 sapientiae,
647 3819 699 3886 sin
728 3819 839 3901 altera,
868 3821 945 3888 huic
969 3820 1024 3888 ille
1052 3820 1260 3889 assentietur.
1311 3818 1483 3901 Quoniam

206 3925 396 3995 Academici
434 3926 476 3993 de
514 3928 666 4013 sapiente
705 3929 820 4012 agunt,
860 3928 914 3995 hic
952 3928 1151 4015 sapientiam
1191 3930 1224 3994 et
1258 3925 1417 4011 percipiet
1452 3926 1484 3992 et

208 4033 419 4120 approbabit.
467 4032 548 4116 (32.)
577 4032 646 4115 Qui
670 4051 746 4099 cum
770 4033 954 4118 sapientiae
978 4034 1177 4102 assentiatur
1199 4050 1311 4118 neque
1335 4032 1418 4098 haec
1441 4030 1484 4098 sit

205 4142 301 4221 nihil,
325 4159 395 4208 non
419 4140 503 4208 nulli
526 4140 572 4206 rei
597 4139 785 4208 assentitur.
831 4141 909 4209 Non
926 4142 1027 4228 igitur
1043 4147 1096 4208 est
1110 4138 1350 4226 disputandum
1368 4137 1410 4206 de
1425 4137 1483 4205 illo

202 4270 325 4332 errore,
362 4250 419 4338 qui
454 4249 568 4317 evitari
603 4248 742 4330 videtur,
782 4248 810 4316 si
845 4249 999 4316 assensio
1035 4247 1068 4314 in
1104 4247 1198 4314 omni
1231 4264 1265 4311 re
1299 4245 1483 4312 cohibetur.

204 4357 277 4442 (33)
313 4357 363 4426 Εο
397 4376 487 4437 vero,
523 4354 616 4441 quod
651 4355 697 4423 illi
732 4359 859 4441 negant
887 4355 1067 4440 quicquam
1109 4371 1185 4420 esse
1213 4352 1483 4438 approbandum,

202 4483 344 4532 omnem
369 4465 534 4532 actionem
563 4463 698 4543 tollunt;
729 4480 840 4549 neque
867 4462 917 4528 eis
946 4460 1089 4547 expedit,
1120 4458 1212 4544 quod
1237 4457 1411 4544 probabile
1434 4458 1484 4524 in·

209 4572 396 4640 troducunt.
442 4571 511 4654 (3.4)
540 4570 703 4656 Exemplo
738 4570 839 4638 allato
876 4569 1121 4635 demonstratur
1160 4583 1249 4645 eum,
1285 4564 1344 4650 qui
1371 4581 1483 4630 veram

205 4677 295 4745 uiam
320 4695 389 4745 non
413 4677 571 4763 sequitur,
600 4694 669 4744 non
694 4677 805 4743 minus
829 4692 945 4754 errare,
975 4691 1077 4759 quam
1102 4672 1159 4760 qui
1182 4671 1299 4738 falsam
1324 4669 1484 4756 sequitur,

202 4800 282 4852 cum
306 4783 582 4852 Academicorum
607 4783 770 4869 opinione
794 4784 877 4849 erret
892 4783 930 4860 is,
955 4780 1013 4866 qui
1030 4778 1184 4865 quamvis
1200 4777 1335 4844 fortuito
1355 4779 1485 4844 tanturn
