3544 5320
746 409 927 468 ...85-

190 632 340 698 cumque
356 613 445 681 enim
463 613 497 680 in
514 613 652 681 Lucullo
668 615 753 681 libro
769 632 821 681 res
837 614 871 681 in
889 612 1011 682 Catulo
1026 617 1177 682 tractatas
1194 615 1334 694 attingit,
1355 615 1389 682 id
1405 633 1476 684 non

192 738 351 806 expresse
375 719 485 788 dicere
507 738 577 788 non
602 724 722 807 potest.
760 718 875 807 Itaque
892 721 1092 806 respiciendi
1109 724 1187 789 sunt
1201 722 1275 788 libri
1291 719 1345 790 111.
1362 725 1395 789 31
1409 720 1477 802 lv..

190 827 266 894 libri
289 824 343 898 111.
368 831 490 907 autem,
518 845 594 894 cum
618 827 776 895 Varronis
805 832 915 912 partes
943 827 1140 913 complexus
1164 829 1217 907 sit,
1240 828 1476 896 tantummodo

194 933 417 1019 prooemium,
457 933 550 1017 quod
588 934 635 1001 iili
673 936 884 1020 propositum
923 934 1027 1002 iuisse
1066 933 1184 1003 Cicero
1223 935 1266 1002 ad
1304 934 1369 1002 Att.
1402 932 1477 1004 XVI

191 1059 246 1126 ep.
264 1041 319 1120 6,4
340 1040 406 1124 (ed.
423 1039 606 1123 Orelliana)
630 1040 766 1109 indicat:
794 1091 825 1119 ,.
840 1091 869 1110 ..
886 1041 1135 1128 neglegentiam
1160 1059 1270 1108 meam
1294 1053 1476 1127 cognosce.

194 1145 247 1214 De
271 1145 386 1220 Gloria
410 1147 530 1215 librum
554 1147 598 1214 ad
621 1151 654 1214 te
675 1148 776 1214 misi.
795 1198 802 1215 .
821 1199 828 1214 .
846 1148 880 1215 in
905 1166 947 1215 eo
964 1149 1176 1233 prooemium
1195 1148 1229 1215 id
1245 1151 1307 1229 est,
1332 1148 1423 1231 quod
1441 1149 1476 1215 in

193 1252 398 1344 Academico
425 1253 531 1322 tertio.
578 1251 615 1321 ld
645 1255 756 1323 evenit
784 1255 829 1323 ob
854 1273 930 1322 eam
954 1273 1034 1334 rem,
1064 1253 1155 1338 quod
1181 1254 1291 1322 habeo
1313 1254 1476 1322 volumen

192 1361 446 1445 prooemiorum
464 1409 473 1428 .
490 1410 498 1427 .
516 1411 524 1426 .
542 1411 551 1427 .
568 1379 643 1428 cum
661 1363 772 1429 autern
790 1362 824 1428 in
841 1362 917 1428 navi
934 1361 1081 1446 legerem
1097 1360 1328 1441 Academicos,
1350 1361 1476 1446 agnovi

190 1470 337 1534 erratum
355 1475 501 1536 meum“.
547 1466 659 1535 Primo
683 1467 821 1552 quidem
838 1468 971 1553 opinari
993 1469 1082 1535 hunc
1105 1466 1243 1535 exordio
1266 1467 1341 1534 libri
1354 1464 1409 1536 III.
1435 1467 1477 1536 de

190 1573 300 1658 gloria
316 1573 596 1643 Academicorum
621 1575 795 1660 copiosius
812 1575 937 1642 dixisse
952 1574 1049 1642 valde
1065 1573 1215 1642 arrideat.
1261 1573 1380 1658 Neque
1396 1592 1477 1642 vero
1509 1653 1511 1658 ,

195 1680 259 1747 hoc
283 1680 364 1747 milri
388 1681 562 1766 probabile
590 1681 730 1762 videtur,
765 1700 840 1749 cum
877 1682 966 1749 idem
1003 1681 1213 1768 prooemium
1248 1683 1281 1748 et
1314 1681 1399 1748 libro
1435 1681 1477 1748 de

196 1785 310 1854 Gloria
335 1787 495 1873 scriptum
511 1805 586 1855 esse
602 1806 643 1854 ex
658 1788 734 1857 loco
750 1789 850 1856 allato
867 1792 1099 1875 cognoscatur.
1147 1786 1257 1872 Atque
1273 1792 1309 1854 ut
1325 1787 1477 1856 delensio

192 1893 333 1961 rationis
357 1894 489 1962 illorum
514 1895 549 1961 in
573 1895 638 1964 alio
656 1893 828 1963 Ciceronis
851 1895 936 1963 libro
956 1897 1057 1980 atque
1080 1894 1114 1962 in
1129 1893 1338 1963 Academicis
1362 1895 1478 1981 singu·

190 1999 272 2067 laris
295 2019 365 2068 non
388 1999 527 2087 tuerit1),
551 2002 596 2069 ita
613 2020 690 2070 eum
705 2020 775 2071 non
791 2003 980 2070 necessario
1004 2003 1082 2069 loco
1105 2019 1179 2068 eam
1203 2005 1271 2068 tam
1296 2003 1477 2068 accurate

192 2110 445 2194 persecuturum
474 2108 578 2176 tuisse
601 2127 701 2195 nego.
748 2105 856 2176 Immo
886 2109 921 2176 id
950 2109 1062 2194 ipsum
1096 2108 1223 2194 optime
1258 2107 1399 2192 quadrat
1433 2107 1477 2174 ad

196 2211 367 2282 Ciceronis
383 2214 617 2284 detensionem
634 2216 708 2283 libri
724 2213 790 2296 lv,
812 2215 981 2302 qui-solus
998 2234 1025 2283 c.
1041 2214 1099 2282 Ac.
1115 2211 1160 2282 III
1179 2214 1219 2282 15
1231 2231 1282 2298 sq.
1299 2214 1476 2301 fragmenti

188 2319 271 2388 tons
294 2320 497 2408 relinquitur.

283 2427 382 2496 Nunc
397 2447 467 2497 non
483 2429 608 2498 leviora
623 2430 764 2498 fortasse
783 2429 910 2515 reliqua
926 2432 1013 2505 sunt.
1060 2425 1128 2496 Iam
1145 2447 1246 2514 supra
1262 2426 1319 2496 Ac.
1335 2424 1352 2492 1
1370 2427 1409 2494 13
1426 2445 1477 2511 sq.

190 2533 332 2602 indicari
372 2535 518 2603 vidimus
562 2537 774 2622 propositum
817 2535 1098 2604 Academicorum·
1139 2534 1376 2621 disputationis
1421 2534 1478 2614 ita,

193 2647 231 2708 ut
254 2640 371 2709 Cicero
399 2646 533 2711 auctore
557 2644 699 2712 Philone
733 2646 832 2711 nixus
866 2663 967 2710 unam
1002 2645 1131 2710 tantum
1160 2660 1236 2710 esse
1259 2629 1478 2710 Academiam

190 2747 346 2827 aiiirmet,
374 2747 477 2817 Varro
505 2753 615 2836 neget.
670 2749 740 2832 Qui
774 2769 848 2817 cum
885 2751 1050 2828 incitatus,
1085 2752 1122 2824 ut
1156 2749 1239 2817 haec
1274 2752 1306 2816 et
1332 2752 1478 2816 veterem
1511 2733 1513 2742 ’

191 2852 411 2922 Academiam
435 2857 625 2941 explicaret,
649 2875 779 2924 revera
802 2859 911 2924 statim
937 2857 1073 2923 alterum
1096 2875 1220 2924 munus
1243 2857 1300 2922 Ac.
1317 2854 1329 2922 1
1349 2854 1477 2922 15-42

190 2961 427 3044 praestitisset,
459 2960 577 3030 Cicero
612 2966 722 3030 autem
763 2967 880 3049 postea
905 2964 994 3029 illam
1020 2981 1115 3030 suam
1140 2962 1339 3030 sententiam
1364 2960 1478 3028 deien-

191 3065 310 3148 disset,
333 3067 516 3136 Varronem
540 3069 652 3153 ipsum
676 3087 814 3153 quoque
838 3068 883 3148 id,
907 3069 999 3152 quod
1017 3070 1126 3155 primo
1151 3068 1311 3134 infitiatus
1334 3071 1393 3148 est
1418 3067 1477 3134 ad·
1555 3153 1559 3168 .

194 3174 330 3241 versarii
354 3175 575 3262 oppugnandi
601 3192 701 3242 causa
725 3175 931 3261 argumentis
962 3174 1202 3259 comprobasse
1236 3191 1374 3241 necesse
1409 3176 1479 3241 erat

190 3281 404 3349 concludere.
450 3281 493 3348 At
508 3280 627 3350 Cicero
649 3280 706 3348 Ac.
723 3279 797 3348 143
814 3299 900 3376 sqq,
925 3283 961 3347 ut
984 3281 1184 3348 recentiores
1204 3282 1247 3348 ab
1264 3280 1476 3364 antiquorum

196 3389 323 3456 ratione
358 3406 428 3456 non
463 3389 642 3456 recessisse
676 3375 896 3468 demonstret,
936 3389 999 3455 hos
1034 3389 1129 3473 ipsos
1168 3388 1334 3473 scepticos
1371 3387 1478 3454 luisse

191 3494 358 3563 enucleat.
403 3494 523 3578 Neque
539 3513 618 3562 vero
643 3495 783 3562 dubium
808 3498 867 3573 est,
892 3495 974 3577 quin
991 3493 1132 3581 Alypius
1156 3494 1246 3561 idem
1271 3511 1332 3579 pro
1348 3492 1476 3561 Acade·

192 3601 290 3669 micis
315 3621 342 3668 c.
358 3601 416 3671 Ac.
433 3600 463 3669 ll
482 3603 521 3669 14
544 3603 716 3687 proterens
731 3601 790 3670 Ac.
807 3599 879 3668 143
904 3620 978 3686 sqq.
995 3601 1148 3668 imitetur.
1183 3600 1317 3683 Quodsi
1333 3599 1478 3687 Alypius

194 3707 264 3775 iam
289 3709 323 3775 in
344 3709 496 3794 proxima
513 3709 735 3795 paragrapho,
753 3708 927 3793 quomodo
944 3708 1130 3776 Antiochus
1147 3707 1223 3774 illos
1239 3708 1310 3774 suis
1327 3708 1478 3792 ipsorum

190 3814 318 3900 ¹gladiis
348 3816 556 3902 iugulaverit,
586 3816 801 3894 demonstrat,
824 3814 927 3882 Varro
957 3818 1079 3894 autem,
1110 3817 1146 3880 ut
1170 3833 1210 3881 ex
1232 3813 1289 3881 Ac.
1314 3811 1329 3880 Ι
1355 3813 1394 3880 13
1426 3829 1476 3896 sq.

197 3920 376 4008 apparet²)‚
401 3924 511 3990 statim
536 3927 614 4007 post
631 3922 804 3990 Ciceronis
827 3923 1014 3990 orationem
1040 3939 1140 3988 unam
1166 3938 1241 3988 esse
1262 3919 1477 3988 Academiam

192 4046 334 4096 necesse
369 4032 420 4097 est
450 4029 662 4116 redarguerit,
699 4028 860 4114 quoniam
896 4029 950 4095 hic
984 4028 1093 4111 primo
1127 4027 1223 4094 initio
1252 4027 1294 4094 ad
1318 4026 1478 4110 antiquos

190 4153 278 4202 ‚suae
302 4137 486 4204 sententiae
510 4140 661 4204 auctores
690 4139 860 4221 provocat,
884 4134 972 4201 illius
997 4151 1134 4219 quoque
1158 4134 1200 4200 ab
1224 4134 1276 4199 his
1300 4131 1478 4199 adversarii

192 4241 270 4308 telis
284 4261 321 4310 se
338 4242 516 4311 deiendere
533 4247 565 4310 et
580 4245 694 4310 contra
710 4242 817 4309 dicere
830 4241 1001 4327 proximae
1018 4240 1250 4325 responsionis
1266 4256 1390 4304 munus
1405 4238 1477 4304 iuit.

191 4346 309 4431 ltaque
333 4350 367 4416 in
391 4349 538 4417 editione
554 4349 830 4417 Academicorum
848 4349 889 4415 ab
907 4347 1097 4433 Augustino
1122 4346 1270 4413 adhibita
1286 4345 1476 4412 adversario

192 4452 372 4524 Ciceronis
406 4457 455 4536 id,
491 4455 582 4538 quod
619 4455 764 4541 legimus
793 4456 827 4521 in
855 4457 876 4538 §
904 4453 943 4522 15
967 4471 994 4521 c.
1015 4450 1132 4534 Acii,
1167 4451 1235 4518 iam
1265 4453 1298 4516 in
1325 4451 1477 4537 proxima

191 4563 347 4629 oratione
370 4566 606 4649 argumentum
635 4561 872 4648 proterendum
902 4563 979 4628 erat.
1026 4558 1112 4627 Cum
1141 4563 1251 4626 autem
1276 4556 1478 4625 Antiochina

287 4724 310 4791 1)
330 4722 362 4778 ci.
376 4723 546 4791 prooemium
564 4720 625 4776 libri
638 4720 656 4775 1.
676 4720 711 4775 (13
730 4721 791 4775 Ν31.
805 4719 897 4776 Deor..

283 4808 309 4878 2)
329 4825 391 4883 pag.
411 4811 445 4865 71
464 4810 526 4865 adn.
544 4809 573 4874 3;
592 4825 653 4882 pag.
673 4810 716 4866 80.
805 4837 806 4842 κ
