3544 5320
750 381 929 440 ..75-

196 587 242 656 tis
266 586 436 656 Philone
458 586 659 656 Academico
684 591 716 656 et
737 587 976 664 Mnesarcho
997 585 1133 656 Stoico
1158 588 1197 655 in
1218 587 1480 658 Academiam

199 698 370 778 veterem
479 695 655 781 irrepserat
677 694 793 764 nescio
818 693 900 779 quid
923 694 1069 762 inlerens
1092 695 1171 762 rnali
1193 695 1235 764 de
1251 695 1476 764 Stoicorum

199 801 375 879 cineribus,
400 801 492 886 quod
516 800 667 869 Platonis
691 801 790 888 adyta
806 801 974 869 violaret.“
1023 800 1112 868 Idem
1128 799 1296 870 Antiocho
1318 801 1480 875 Ac.1169

200 907 327 975 crimini
350 907 446 976 datur
460 909 572 976 verbis
596 908 648 976 his
658 907 696 995 1):
725 907 869 984 ,Didicit
889 907 979 993 apud
997 907 1205 977 Philonem
1229 912 1297 977 tarn
1321 909 1391 990 diu,
1414 960 1478 978 ,..

200 1013 325 1083 Eadem
343 1014 422 1084 dicit
437 1033 524 1101 quae
541 1014 643 1084 Stoici
662 1066 668 1080 .
688 1067 695 1082 .
712 1033 770 1082 cur
785 1033 855 1084 non
871 1032 909 1082 se
928 1015 1092 1082 transtulit
1108 1016 1150 1083 ad
1172 1016 1268 1096 alios,
1284 1019 1316 1083 et
1332 1017 1480 1084 maxime

199 1121 247 1188 ad
269 1120 452 1190 Stoicos?
474 1139 589 1190 eorum
612 1121 702 1190 enim
727 1124 796 1202 erat
819 1122 953 1207 propria
977 1121 1040 1188 ista
1064 1121 1242 1190 dissensio.
1277 1122 1357 1208 quid
1398 1141 1478 1190 eum

198 1227 424 1296 Mnesarchi
453 1230 701 1313 paenitebat..
727 1228 817 1295 unde
845 1231 957 1296 autern
984 1228 1099 1295 subito
1121 1231 1236 1295 vetus
1263 1226 1480 1298 Academia

199 1338 351 1408 revocata
374 1336 466 1402 esti‘·
1475 1388 1478 1393 .

287 1439 553 1510 concedendurn
577 1442 750 1528 igiturest
774 1441 808 1510 in
832 1443 895 1509 hac
918 1442 1129 1528 paragrapho
1146 1441 1288 1510 eandem
1305 1442 1477 1510 materiam

198 1545 483 1632 atqueAc.1169
506 1548 647 1629 tractari,
670 1565 745 1617 earn
769 1567 848 1616 vero
874 1566 951 1616 cum
982 1548 1123 1617 consilio
1154 1548 1354 1630 declarandi,
1390 1566 1480 1635 quae

199 1671 275 1721 vera
298 1654 395 1723 tuerit
416 1654 693 1724 Academicorum
717 1656 891 1737 sententia,
915 1655 998 1722 nihil
1023 1673 1204 1723 commune
1227 1655 1359 1723 habere.

289 1761 426 1830 ineunte
441 1763 463 1847 ς
478 1763 521 1830 43
532 1760 743 1848 Augustinus
759 1762 801 1830 de
817 1762 1045 1848 superioribus
1061 1761 1184 1829 iudicat
1199 1762 1258 1830 ita:
1277 1761 1380 1844 ,Hoc
1396 1761 1481 1829 mihi

199 1866 241 1935 de
255 1866 465 1937 Academicis
489 1868 620 1937 interim
644 1869 917 1955 probabiliter..
947 1869 1108 1954 persuasi.
1159 1868 1276 1951 Quod
1301 1868 1329 1936 si
1356 1868 1478 1936 falsum

199 1979 260 2052 est,
284 1974 367 2042 nihil
390 1974 432 2042 ad
457 1993 522 2056 me,
545 1976 598 2043 cui
623 1974 703 2043 satis
732 1977 783 2042 est
811 1975 878 2054 iam
909 1993 979 2044 non
1014 1975 1161 2045 arbitrari
1195 1994 1265 2043 non
1300 1993 1402 2061 posse
1435 1977 1479 2044 ab

199 2081 336 2149 homine
367 2081 507 2150 inveniri
530 2082 712 2150 veritatem.
759 2081 926 2167 Quisquis
955 2086 1068 2151 autem
1100 2084 1194 2168 putat
1226 2084 1300 2150 hoc
1329 2083 1481 2150 sensisse

198 2185 431 2269 Academicos,
471 2189 583 2278 ipsum
618 2188 817 2258 Ciceronem
851 2189 975 2256 audiat.
1021 2187 1076 2256 Ait
1110 2189 1215 2257 eninr
1249 2188 1313 2256 illis
1348 2206 1478 2256 morem

197 2293 302 2363 tuisse
332 2295 520 2364 occultandi
550 2297 750 2364 sententiam
773 2314 882 2378 suam,
917 2314 980 2364 nec
1013 2314 1088 2363 eam
1112 2296 1281 2380 cuiquam,
1316 2295 1380 2362 nisi
1418 2294 1481 2379 qui

198 2417 311 2470 secum
336 2403 379 2470 ad
403 2404 607 2470 senectutem
632 2420 740 2499 usque
756 2403 903 2481 vixisset,
924 2404 1052 2488 aperire
1068 2399 1317 2490 consuessem).
1362 2400 1479 2485 ltaque

198 2525 275 2575 curn
299 2508 333 2575 in
357 2527 403 2602 ea
421 2509 495 2596 ipsa
519 2511 622 2595 parte,
647 2526 716 2594 qua
736 2508 947 2596 Augustinus
970 2509 1123 2590 declarat,
1148 2509 1248 2594 quale
1276 2508 1340 2576 sibi
1364 2507 1479 2574 videa·

198 2616 250 2682 tur
273 2633 349 2683 esse
372 2615 548 2683 consilium
562 2614 850 2697 Academicorum,
874 2616 1071 2702 gravissima
1094 2615 1235 2702 vestigia
1251 2613 1403 2682 Tulliana
1427 2615 1475 2680 in·

197 2721 398 2804 venerimus,
420 2740 462 2790 ex
485 2722 573 2790 illius
597 2722 811 2792 confessione
839 2741 881 2790 eo
905 2723 1025 2790 certius
1054 2719 1236 2809 sequitur³l
1269 2739 1347 2791 eum
1376 2721 1477 2788 etiam

196 2828 313 2896 omnia
330 2831 448 2910 cetera,
466 2847 552 2914 quae
571 2830 614 2914 ᾗς
629 2829 674 2897 37
683 2846 758 2914 sqq.
783 2832 860 2898 sunt
876 2829 1038 2917 exposita,
1055 2847 1096 2896 ex
1111 2827 1275 2896 Cicerone
1291 2829 1479 2896 mutuatum

197 2936 305 3016 esset)
320 2953 429 3021 eaque
445 2934 597 3022 (excepta
613 2937 635 3021 ς
651 2935 707 3023 41)
724 2954 765 3003 ex
785 2936 865 3030 loco
877 2935 1026 3022 quodam
1044 2934 1321 3005 Academicorum
1337 2935 1479 3002 amisso.

286 3059 415 3128 finitur
445 3060 637 3147 disputatio,
668 3079 743 3128 cum
767 3059 989 3147 Augustinus,
1023 3061 1177 3146 quamvis
1199 3059 1476 3128 Academicorum

197 3166 382 3235 rationibus
405 3186 425 3246 a
447 3167 613 3253 sapientia
636 3167 851 3253 percipienda
874 3167 1055 3252 impeditus
1082 3168 1134 3246 sit,
1164 3171 1276 3234 tamen
1306 3183 1344 3233 se
1375 3183 1480 3250 quae·

197 3273 306 3348 stione
329 3273 441 3342 habita
465 3274 697 3342 confirmatum
722 3274 905 3359 aliquando
929 3293 1003 3342 earn
1028 3274 1239 3342 inventurum
1257 3290 1334 3342 esse
1355 3275 1476 3358 sperat.

196 3379 329 3448 Deinde
353 3384 539 3465 sequuntur
562 3382 659 3448 haec:
686 3380 797 3458 ,Nulli
821 3384 933 3450 autern
958 3380 1098 3448 dubium
1122 3385 1173 3448 est
1200 3380 1362 3467 gemino
1392 3397 1479 3464 pon·

197 3485 275 3556 dere
298 3505 363 3555 nos
386 3487 512 3574 impelli
536 3487 580 3554 ad
608 3486 818 3570 discendum,
851 3487 1105 3556 auctoritatis
1141 3489 1260 3573 atque
1294 3486 1479 3554 rationis.

195 3592 281 3662 Mihi
304 3596 415 3661 autern
440 3597 564 3662 certum
588 3597 639 3663 est
660 3612 828 3680 nusquam
852 3611 989 3680 prorsus
1012 3593 1170 3662 aChristi
1194 3593 1388 3661 auctoritate
1412 3593 1478 3660 dis·

197 3701 343 3774 cedere.“
393 3700 486 3769 Haec
500 3703 602 3769 verba
626 3701 771 3787 primurn
795 3701 919 3787 legenti
943 3704 1058 3768 auctor
1080 3719 1121 3768 ex
1144 3716 1181 3768 se
1205 3699 1281 3784 ipso
1298 3700 1478 3786 protulisse

195 3808 335 3876 videtur.
381 3806 450 3877 Sed
480 3807 673 3893 respiciatur
695 3807 795 3874 velim
815 3805 914 3879 Acti
934 3806 989 3888 60,
1019 3807 1077 3874 ubi
1112 3805 1269 3874 detensor
1301 3805 1479 3873 Academi-

196 3931 310 3982 comm
335 3914 566 4000 interrogatus,
590 3931 648 3982 cur
676 3913 730 3980 isti
761 3914 868 3982 celent
897 3914 1097 3982 sententiam
1133 3931 1240 3992 suani,
1275 3912 1476 3998 respondet:

199 4019 274 4102 ,Ut,
297 4022 356 4105 qui
380 4020 526 4101 audient,
562 4021 719 4088 ratione
737 4020 861 4107 potius
892 4038 994 4105 quarn
1024 4020 1262 4088 auctoritate
1292 4019 1473 4086 ducantur·

285 4250 309 4321 ¹)
328 4251 387 4308 lloc
405 4250 494 4308 Zeller
505 4250 546 4318 lll,
561 4252 572 4306 l
588 4265 651 4324 pag.
664 4250 717 4306 597
731 4251 869 4322 cognovit.
900 4248 999 4320 Neque
1011 4266 1077 4307 vero
1091 4252 1188 4314 cetera,
1207 4264 1277 4319 quae
1295 4249 1339 4304 hic
1351 4263 1413 4320 pag.
1423 4247 1479 4306 526

196 4340 224 4395 et
236 4339 372 4396 titrzelius
390 4339 503 4408 Quaest
517 4341 549 4396 lll
567 4354 631 4412 pag.
643 4339 697 4396 320
716 4339 751 4394 de
769 4340 820 4394 hac
837 4340 1005 4410 paragrapho
1023 4340 1202 4402 contulerunt,
1221 4339 1396 4393 memoranda
1414 4351 1477 4394 esse

196 4429 261 4484 mihi
279 4429 416 4486 videntur.

283 4518 306 4588 a)
325 4517 466 4578 Krischtus
484 4531 545 4588 pag.
567 4517 625 4574 186.

284 4608 308 4674 ³)
326 4606 413 4662 Zeller
431 4606 472 4674 lll,
493 4607 504 4661 l
526 4620 589 4678 pag.
607 4605 661 4662 594
679 4606 770 4661 adnot.
791 4607 814 4660 1.

283 4695 308 4764 ⁴)
326 4694 372 4752 Sic
390 4697 463 4751 enim
476 4696 560 4751 verba
572 4695 719 4767 Augustini
738 4693 923 4765 intellegenda
942 4707 1004 4748 esse
1023 4707 1078 4765 ego
1096 4691 1207 4762 quidem
1226 4692 1346 4747 arbitror.
1380 4691 1478 4763 Longe

194 4785 271 4846 ariter
288 4784 380 4842 llirzel
399 4784 430 4840 ltl
449 4785 510 4842 218.
538 4783 618 4842 Cont.
637 4784 728 4840 adnot.
747 4799 810 4856 pag.
824 4783 867 4840 72.
