3544 5320
719 382 892 442 „ffl-

161 587 398 656 definitionem
438 587 643 656 verissimam
682 587 803 654 iudico.
853 585 919 654 Aut
950 587 1041 654 enim
1076 589 1221 672 possunt
1255 588 1380 675 percipi
1413 591 1449 656 et

168 694 263 774 falsa,
298 694 392 781 quod
418 693 650 762 vehementius
673 692 864 762 Academici
893 694 1012 761 timent
1041 697 1074 762 et
1101 711 1234 761 revera
1263 693 1445 762 absurdum

161 803 229 868 est.
248 803 304 868 aut
325 819 387 868 nec
408 819 447 868 ea
463 803 617 886 possunt,
641 818 729 886 quae
748 803 827 867 sunt
848 799 942 867 falsis
959 800 1095 868 similia:
1118 800 1208 868 unde
1224 799 1280 890 illa
1296 801 1446 869 definitio

169 925 247 974 vera
263 910 342 974 est.“
377 906 496 993 Neque
519 910 633 974 tamen
649 907 743 974 aliter
758 907 828 994 agit
849 910 949 994 atque
972 907 1130 975 Lucullus
1154 907 1227 993 ipse
1244 925 1281 976 se
1297 911 1451 976 acturum-

163 1032 246 1082 esse
269 1013 327 1081 Ac.
350 1013 375 1081 ll
402 1014 442 1081 18
470 1013 642 1100 professus
676 1017 740 1082 est:
781 1013 917 1097 ,Quare
948 1013 1060 1083 omnis
1094 1015 1200 1083 oratio
1228 1018 1341 1083 contra
1363 1015 1447 1084 Aca·

162 1120 316 1188 -demiam
341 1120 555 1207 suscipitura
579 1121 689 1200 nobis,
713 1124 749 1188 ut
772 1121 976 1190 retineamus
991 1139 1065 1190 eam
1081 1120 1322 1202 definitionem,
1344 1141 1446 1208 quam

169 1226 267 1294 Philo
290 1226 395 1294 voluit
422 1230 597 1295 evertere.“
639 1226 743 1310 Quod
770 1244 846 1296 curn
876 1228 919 1295 ab
943 1226 1135 1314 Augustino
1164 1229 1283 1296 clarius
1307 1229 1446 1297 demon·

167 1337 287 1402 stretur
315 1353 416 1420 quam
440 1332 499 1402 Ac.
522 1333 547 1402 ll
570 1334 623 1414 43,
659 1335 721 1402 3131
756 1335 827 1402 fieri
862 1335 1014 1420 potuisse
1039 1335 1293 1406 concedendum
1321 1340 1382 1416 est,
1411 1339 1474 1428 ut

168 1441 371 1510 luculentius
394 1440 468 1528 ipse
491 1459 603 1527 neque
626 1442 759 1511 alterius
784 1441 908 1509 auxilio
932 1443 1227 1527 argumentaretur,
1252 1443 1405 1528 suspicor
1427 1463 1446 1511 a

167 1547 317 1615 'Varrone
341 1548 524 1616 accuratius
549 1549 779 1617 definitionem
803 1548 1081 1616 Academicorum
1109 1552 1197 1634 post.
1227 1549 1347 1620 eodem
1371 1551 1447 1619 loco

162 1654 344 1722 defensam
368 1673 454 1740 esse,
479 1655 569 1723 unde
593 1674 620 1722 c.
643 1654 700 1723 Ac.
724 1655 760 1723 111
784 1655 823 1722 21
851 1653 1087 1740 profluxerit1).

257 1778 477 1866 Augustinus,
502 1797 707 1866 quamquam
723 1779 944 1849 Academicos
960 1781 1039 1848 satis
1056 1779 1166 1848 adhuc
1180 1781 1353 1848 convictos
1373 1799 1449 1849 esse

43 1875 46 1878 ’
171 1889 263 1973 putat
286 1906 314 1955 c.
330 1886 389 1955 Ac.
406 1887 442 1955 lll
462 1887 515 1968 22,
532 1887 695 1955 nonnulla
712 1888 895 1973 adiungere
912 1889 945 1954 in
963 1887 1077 1955 animo
1094 1889 1195 1956 habet
1214 1888 1275 1966 ,ad
1291 1888 1448 1956 victoriae

166 1996 393 2062 satietatem“.
433 1994 543 2080 „Duo
570 1997 678 2075 sunt,“
702 1994 821 2080 inquit,
861 2012 967 2079 ,quae
990 1995 1033 2062 ab
1056 1993 1264 2062 Academicis
1287 1995 1449 2076 dicuntur,

166 2153 181 2169 ,,
198 2152 231 2168 ..
257 2100 367 2179 ,Nihil
402 2120 505 2188 posse
540 2102 684 2187 percipi‘
718 2105 751 2169 et
783 2100 892 2178 „Nulli
927 2102 974 2169 rei
1009 2101 1131 2170 dehere
1165 2101 1351 2169 assentiri“.
1396 2101 1449 2169 De

168 2208 388 2276 assentiendo
404 2226 483 2275 mox
499 2209 593 2289 31133,
607 2226 712 2275 nunc
735 2227 858 2294 pauca
876 2207 922 2275 de
947 2208 1204 2294 perceptione
1229 2208 1449 2276 dicemus.“

170 2313 213 2382 At
240 2314 415 2382 Lucullum
439 2315 550 2400 ipsum
575 2334 712 2402 quoque
742 2315 1003 2400 disputationem
1027 2318 1141 2383 contra
1165 2315 1383 2383 Academicos
1406 2315 1449 2382 de

168 2421 389 2507 percipiendo
413 2426 446 2490 et
468 2419 684 2490 assentiendo
710 2423 889 2509 disponere
908 2423 982 2490 eius
1005 2422 1212 2508 significatur
1225 2423 1336 2490 verbis
1351 2422 1409 2490 Ac.
1426 2422 1450 2491 ll

163 2528 213 2596 36
242 2548 310 2614 sq.:
348 2579 375 2606 ,.
394 2582 401 2597 .
420 2530 461 2597 de
494 2531 709 2617 perceptione
739 2533 899 2598 hactenus
922 2530 1068 2614 ...(37)
1099 2532 1152 2598 his
1183 2531 1264 2599 satis
1293 2531 1449 2617 cognitis,

164 2654 259 2720 *quae
294 2636 360 2703 iam
388 2638 549 2723 explicata
585 2641 673 2718 sunt,
709 2657 811 2706 nunc
840 2639 885 2706 de
914 2638 1159 2706 adsensione
1193 2642 1295 2723 atque
1330 2638 1449 2723 adpro-

170 2729 393 2811 batione
423 2763 548 2830 pauca
583 2745 791 2814 dicemus.“
839 2745 936 2813 lllum
959 2744 1168 2813 Academicis
1196 2743 1383 2825 Ciceronis,
1415 2748 1451 2811 ut

170 2850 216 2917 ita
245 2851 466 2932 distribueret,
498 2853 670 2921 inductum
700 2870 774 2920 esse
805 2856 944 2938 apparet
973 2853 1062 2932 inde,
1092 2851 1185 2939 quod
1218 2853 1284 2919 hoc
1313 2852 1449 2918 demum

170 2957 246 3023 loco
270 2957 337 3024 iam
357 2958 438 3025 satis
456 2958 513 3025 diu
538 2959 579 3026 de
602 2959 817 3044 perceptione
840 2960 982 3040 locutus,
1007 2959 1165 3026 Lucullus
1179 2976 1259 3025 vero
1274 2962 1356 3037 tum,
1373 2976 1449 3026 cum

164 3081 191 3130 a
222 3065 437 3149 perceptione
468 3065 510 3132 ad
537 3066 771 3134 assensionem
803 3067 929 3146 transit,
959 3066 1217 3152 dispositionem
1247 3065 1449 3149 pronuntiat.

165 3169 261 3255 Ergo
278 3189 355 3237 curn
379 3170 454 3238 loco
470 3190 539 3239 non
565 3171 689 3240 idoneo
706 3172 796 3257 apud
820 3174 958 3240 alterum
975 3172 1093 3241 eadem
1117 3172 1338 3252 inveniantur,
1363 3189 1450 3257 quae

171 3276 261 3344 iusto
292 3295 311 3342 a
340 3276 501 3345 Cicerone
536 3279 647 3364 posita
679 3282 766 3360 sunt,
802 3279 1021 3347 imitationem
1053 3279 1301 3365 deprendimus.
1347 3277 1450 3345 Porro

172 3401 242 3450 non
267 3384 408 3451 dubium
433 3387 543 3470 potest
567 3373 651 3466 esse,
676 3385 757 3471 quin
775 3386 985 3472 Augustinus
1009 3386 1088 3453 inde
1111 3405 1130 3452 a
1153 3387 1174 3468 ᾗ
1198 3385 1291 3451 21111
1315 3383 1450 3452 eaAca·

174 3489 380 3557 demicorum
404 3491 541 3559 materia
563 3495 720 3572 versetur,
750 3510 838 3579 quae
863 3493 989 3559 Luculli
1012 3493 1086 3560 libri
1114 3496 1175 3559 est.
1223 3491 1327 3573 Quod
1350 3492 1450 3558 etiam

172 3597 281 3682 magis
306 3597 458 3678 elucebit,
483 3599 511 3664 si
536 3616 593 3666 eas
622 3599 1028 3685 paragraphoslibrilll,
1052 3602 1232 3686 quactum
1257 3601 1451 3685 sequuntur,

168 3703 478 3789 [perquisiverimus.

240 3826 352 3913 Pergit
378 3828 587 3915 Augustinus
616 3829 710 3897 11122
741 3830 798 3898 ita:
840 3831 999 3911 „Nihilne
1035 3847 1171 3916 prorsus
1206 3830 1314 3897 dicitis
1348 3847 1451 3916 posse

168 3934 434 4019 comprehendi?
492 3935 555 4004 Hic
587 3936 756 4022 evigilavit
784 3936 975 4004 Carneades
1014 3940 1047 4004 et
1074 3937 1308 4022 circumspexit
1343 3954 1449 4004 rerum

167 4039 386 4107 evidentiam.
433 4042 546 4128 ltaque
575 4044 674 4111 credo
699 4062 813 4111 secum
843 4044 932 4129 ipse,
968 4047 1003 4111 ut
1030 4044 1080 4124 fit,
1108 4045 1269 4129 loquens:
1305 4043 1450 4129 Ergone,

172 4147 228 4226 ait,
250 4145 441 4216 Carneades
466 4149 612 4217 dicturus
635 4168 672 4217 es
694 4151 821 4219 nescire
844 4154 887 4231 te,
912 4153 1020 4218 utrum
1038 4152 1140 4218 homo
1162 4151 1209 4217 sis
1226 4170 1269 4217 an
1293 4149 1450 4216 formica?

167 4250 240 4319 Aut
267 4252 310 4320 de
336 4257 369 4322 te
397 4253 607 4342 Chrysippus
635 4256 898 4342 triumphabit?“
952 4257 1041 4342 Ergo
1069 4256 1248 4323 discidium
1277 4255 1449 4341 quoddam

174 4359 258 4427 inter
281 4359 489 4429 Carneadem
514 4365 546 4429 et
569 4361 794 4450 Chrysippum
819 4366 970 4430 exortum
996 4363 1158 4430 hocloco
1182 4363 1326 4448 fingitur,
1356 4361 1450 4447 quod

175 4467 327 4553 quamvis
350 4466 464 4535 leviter
485 4471 612 4535 tantum
630 4472 833 4537 memoratur
855 4469 911 4536 Ac.
929 4469 1024 4537 1187:
1050 4468 1138 4550 „Sed
1163 4473 1198 4535 ut
1221 4469 1264 4535 ad
1288 4487 1337 4547 ea,
1362 4486 1450 4553 quae

175 4574 345 4642 clariora
368 4577 456 4655 sunt,
480 4576 623 4655 veniam,
648 4594 700 4643 res
718 4627 726 4644 .
744 4628 751 4642 .
768 4627 803 4644 ..
828 4576 1039 4662 profundam,
1065 4576 1106 4643 de
1131 4575 1255 4661 quibus
1278 4575 1450 4642 volumina

173 4716 384 4728 -—-—.

264 4787 533 4860 mmfflfflm
