<?xml version="1.0" encoding="UTF-8"?>
<!DOCTYPE html PUBLIC "-//W3C//DTD XHTML 1.0 Transitional//EN"
    "http://www.w3.org/TR/xhtml1/DTD/xhtml1-transitional.dtd">
<html xmlns="http://www.w3.org/1999/xhtml" xml:lang="en" lang="en">
 <head>
  <title>
</title>
<meta http-equiv="Content-Type" content="text/html;charset=utf-8" />
  <meta name='ocr-system' content='tesseract 3.04.00' />
  <meta name='ocr-capabilities' content='ocr_page ocr_carea ocr_par ocr_line ocrx_word'/>
</head>
<body>
  <div class='ocr_page' id='page_1' title='image "./deaugustinicont00drewgoog_0083.png"; bbox 0 0 3544 5320; ppageno 0'>
   <div class='ocr_carea' id='block_1_1' title="bbox 840 403 1017 461">
    <p class='ocr_par' dir='ltr' id='par_1_1' title="bbox 840 403 1017 461">
     <span class='ocr_line' id='line_1_1' title="bbox 840 403 1017 461; baseline 0 -19"><span class='ocrx_word' id='word_1_1' title='bbox 840 403 1017 461; x_wconf 65' lang='lat' dir='ltr'>„ffl-</span> 
     </span>
    </p>
   </div>
   <div class='ocr_carea' id='block_1_2' title="bbox 246 605 1575 2392">
    <p class='ocr_par' dir='ltr' id='par_1_2' title="bbox 246 605 1575 2392">
     <span class='ocr_line' id='line_1_2' title="bbox 290 605 1568 691; baseline 0.002 -19"><span class='ocrx_word' id='word_1_2' title='bbox 290 605 428 685; x_wconf 82' lang='lat' dir='ltr'>atterrat,</span> <span class='ocrx_word' id='word_1_3' title='bbox 452 606 602 686; x_wconf 92' lang='lat' dir='ltr'>alterum,</span> <span class='ocrx_word' id='word_1_4' title='bbox 620 605 712 689; x_wconf 88' lang='lat' dir='ltr'>quod</span> <span class='ocrx_word' id='word_1_5' title='bbox 737 607 792 674; x_wconf 92' lang='lat' dir='ltr'>ille</span> <span class='ocrx_word' id='word_1_6' title='bbox 816 606 942 674; x_wconf 89' lang='lat' dir='ltr'>ibidem</span> <span class='ocrx_word' id='word_1_7' title='bbox 967 608 1201 691; x_wconf 82' lang='lat' dir='ltr'><strong>postulaverat,</strong></span> <span class='ocrx_word' id='word_1_8' title='bbox 1226 607 1291 674; x_wconf 91' lang='lat' dir='ltr'>iam</span> <span class='ocrx_word' id='word_1_9' title='bbox 1316 612 1492 676; x_wconf 85' lang='lat' dir='ltr'>exsecutus</span> <span class='ocrx_word' id='word_1_10' title='bbox 1514 609 1568 688; x_wconf 93' lang='lat' dir='ltr'>sit,</span> 
     </span>
     <span class='ocr_line' id='line_1_3' title="bbox 287 710 1569 802; baseline 0.004 -24"><span class='ocrx_word' id='word_1_11' title='bbox 287 712 372 802; x_wconf 80' lang='lat' dir='ltr'>quin</span> <span class='ocrx_word' id='word_1_12' title='bbox 400 717 477 797; x_wconf 90' lang='lat' dir='ltr'>post</span> <span class='ocrx_word' id='word_1_13' title='bbox 501 710 672 780; x_wconf 87' lang='lat' dir='ltr'>Ciceronis</span> <span class='ocrx_word' id='word_1_14' title='bbox 697 713 880 780; x_wconf 92' lang='lat' dir='ltr'>orationem</span> <span class='ocrx_word' id='word_1_15' title='bbox 905 712 938 779; x_wconf 93' lang='lat' dir='ltr'>in</span> <span class='ocrx_word' id='word_1_16' title='bbox 964 714 1050 779; x_wconf 90' lang='lat' dir='ltr'>hanc</span> <span class='ocrx_word' id='word_1_17' title='bbox 1073 731 1211 798; x_wconf 90' lang='lat' dir='ltr'>quoque</span> <span class='ocrx_word' id='word_1_18' title='bbox 1234 717 1361 799; x_wconf 90' lang='lat' dir='ltr'>partem</span> <span class='ocrx_word' id='word_1_19' title='bbox 1386 715 1486 781; x_wconf 89' lang='lat' dir='ltr'>huius</span> <span class='ocrx_word' id='word_1_20' title='bbox 1510 716 1569 784; x_wconf 92' lang='lat' dir='ltr'>ad·</span> 
     </span>
     <span class='ocr_line' id='line_1_4' title="bbox 291 819 1567 905; baseline 0.003 -20"><span class='ocrx_word' id='word_1_21' title='bbox 291 819 468 886; x_wconf 89' lang='lat' dir='ltr'>hortationi</span> <span class='ocrx_word' id='word_1_22' title='bbox 492 821 636 899; x_wconf 90' lang='lat' dir='ltr'>cesserit,</span> <span class='ocrx_word' id='word_1_23' title='bbox 671 838 742 889; x_wconf 91' lang='lat' dir='ltr'>non</span> <span class='ocrx_word' id='word_1_24' title='bbox 776 819 915 886; x_wconf 92' lang='lat' dir='ltr'>dubium</span> <span class='ocrx_word' id='word_1_25' title='bbox 953 823 1064 905; x_wconf 92' lang='lat' dir='ltr'>potest</span> <span class='ocrx_word' id='word_1_26' title='bbox 1098 838 1182 888; x_wconf 90' lang='lat' dir='ltr'>esse.</span> <span class='ocrx_word' id='word_1_27' title='bbox 1241 819 1308 889; x_wconf 87' lang='lat' dir='ltr'>Sed</span> <span class='ocrx_word' id='word_1_28' title='bbox 1343 820 1567 889; x_wconf 88' lang='lat' dir='ltr'>adversarium</span> 
     </span>
     <span class='ocr_line' id='line_1_5' title="bbox 291 924 1570 1012; baseline 0.002 -19"><span class='ocrx_word' id='word_1_29' title='bbox 291 924 461 993; x_wconf 86' lang='lat' dir='ltr'>Ciceronis</span> <span class='ocrx_word' id='word_1_30' title='bbox 497 926 566 1012; x_wconf 90' lang='lat' dir='ltr'>pari</span> <span class='ocrx_word' id='word_1_31' title='bbox 602 926 705 993; x_wconf 92' lang='lat' dir='ltr'>modo</span> <span class='ocrx_word' id='word_1_32' title='bbox 740 929 839 1009; x_wconf 90' lang='lat' dir='ltr'>atque</span> <span class='ocrx_word' id='word_1_33' title='bbox 871 924 1097 1012; x_wconf 88' lang='lat' dir='ltr'>Augustinum</span> <span class='ocrx_word' id='word_1_34' title='bbox 1134 926 1186 1009; x_wconf 79' lang='lat' dir='ltr'>(ci.</span> <span class='ocrx_word' id='word_1_35' title='bbox 1213 945 1289 1012; x_wconf 86' lang='lat' dir='ltr'>pag.</span> <span class='ocrx_word' id='word_1_36' title='bbox 1314 924 1371 1012; x_wconf 88' lang='lat'>33)</span> <span class='ocrx_word' id='word_1_37' title='bbox 1406 927 1570 996; x_wconf 88' lang='lat' dir='ltr'>altirmare</span> 
     </span>
     <span class='ocr_line' id='line_1_6' title="bbox 290 1031 1569 1117; baseline -0.002 -18"><span class='ocrx_word' id='word_1_38' title='bbox 290 1049 398 1100; x_wconf 89' lang='lat' dir='ltr'>novae</span> <span class='ocrx_word' id='word_1_39' title='bbox 436 1031 637 1100; x_wconf 76' lang='lat' dir='ltr'>Academiae</span> <span class='ocrx_word' id='word_1_40' title='bbox 676 1033 806 1100; x_wconf 89' lang='lat' dir='ltr'>decreta</span> <span class='ocrx_word' id='word_1_41' title='bbox 845 1051 864 1100; x_wconf 94' lang='lat' dir='ltr'>a</span> <span class='ocrx_word' id='word_1_42' title='bbox 903 1033 1069 1100; x_wconf 91' lang='lat' dir='ltr'>veteribus</span> <span class='ocrx_word' id='word_1_43' title='bbox 1111 1050 1247 1117; x_wconf 90' lang='lat' dir='ltr'>prorsus</span> <span class='ocrx_word' id='word_1_44' title='bbox 1287 1033 1464 1102; x_wconf 89' lang='lat' dir='ltr'>abhorrere</span> <span class='ocrx_word' id='word_1_45' title='bbox 1502 1035 1569 1101; x_wconf 91' lang='lat' dir='ltr'>iam</span> 
     </span>
     <span class='ocr_line' id='line_1_7' title="bbox 289 1136 1567 1224; baseline 0 -18"><span class='ocrx_word' id='word_1_46' title='bbox 289 1137 347 1206; x_wconf 90' lang='lat' dir='ltr'>Ac.</span> <span class='ocrx_word' id='word_1_47' title='bbox 377 1157 424 1224; x_wconf 93' lang='lat' dir='ltr'>pr.</span> <span class='ocrx_word' id='word_1_48' title='bbox 452 1139 483 1204; x_wconf 93' lang='grc' dir='ltr'>Π</span> <span class='ocrx_word' id='word_1_49' title='bbox 514 1139 553 1206; x_wconf 89' lang='grc'>13</span> <span class='ocrx_word' id='word_1_50' title='bbox 582 1138 745 1206; x_wconf 87' lang='lat' dir='ltr'>videmus.</span> <span class='ocrx_word' id='word_1_51' title='bbox 796 1136 833 1204; x_wconf 89' lang='lat' dir='ltr'>ln</span> <span class='ocrx_word' id='word_1_52' title='bbox 863 1138 1045 1223; x_wconf 92' lang='lat' dir='ltr'>posteriore</span> <span class='ocrx_word' id='word_1_53' title='bbox 1078 1142 1188 1205; x_wconf 90' lang='lat' dir='ltr'>autem</span> <span class='ocrx_word' id='word_1_54' title='bbox 1223 1138 1372 1207; x_wconf 84' lang='lat' dir='ltr'>editione</span> <span class='ocrx_word' id='word_1_55' title='bbox 1401 1143 1567 1208; x_wconf 84' lang='lat' dir='ltr'>auctorem</span> 
     </span>
     <span class='ocr_line' id='line_1_8' title="bbox 291 1245 1571 1331; baseline 0.002 -20"><span class='ocrx_word' id='word_1_56' title='bbox 291 1245 357 1312; x_wconf 93' lang='lat' dir='ltr'>hoc</span> <span class='ocrx_word' id='word_1_57' title='bbox 389 1245 452 1312; x_wconf 86' lang='lat' dir='ltr'>sibi</span> <span class='ocrx_word' id='word_1_58' title='bbox 485 1245 549 1330; x_wconf 89' lang='lat' dir='ltr'>ipsi</span> <span class='ocrx_word' id='word_1_59' title='bbox 582 1245 837 1313; x_wconf 89' lang='lat' dir='ltr'>memorandum</span> <span class='ocrx_word' id='word_1_60' title='bbox 871 1262 1055 1313; x_wconf 87' lang='lat' dir='ltr'>reservasse</span> <span class='ocrx_word' id='word_1_61' title='bbox 1085 1263 1186 1331; x_wconf 89' lang='lat' dir='ltr'>nego.</span> <span class='ocrx_word' id='word_1_62' title='bbox 1237 1245 1306 1328; x_wconf 91' lang='lat' dir='ltr'>Qui</span> <span class='ocrx_word' id='word_1_63' title='bbox 1338 1248 1451 1314; x_wconf 89' lang='lat' dir='ltr'>tamen</span> <span class='ocrx_word' id='word_1_64' title='bbox 1481 1251 1571 1314; x_wconf 92' lang='lat' dir='ltr'>ratus</span> 
     </span>
     <span class='ocr_line' id='line_1_9' title="bbox 290 1349 1569 1438; baseline 0.002 -20"><span class='ocrx_word' id='word_1_65' title='bbox 290 1349 458 1438; x_wconf 85' lang='lat' dir='ltr'>Alypium,</span> <span class='ocrx_word' id='word_1_66' title='bbox 488 1352 567 1437; x_wconf 87' lang='lat' dir='ltr'>quia</span> <span class='ocrx_word' id='word_1_67' title='bbox 594 1352 616 1434; x_wconf 86' lang='lat'>§</span> <span class='ocrx_word' id='word_1_68' title='bbox 646 1352 685 1419; x_wconf 87' lang='grc'>14</span> <span class='ocrx_word' id='word_1_69' title='bbox 714 1351 911 1419; x_wconf 89' lang='lat' dir='ltr'>sententiam</span> <span class='ocrx_word' id='word_1_70' title='bbox 941 1351 1114 1420; x_wconf 91' lang='lat' dir='ltr'>Ciceronis</span> <span class='ocrx_word' id='word_1_71' title='bbox 1142 1356 1309 1436; x_wconf 89' lang='lat' dir='ltr'>sequatur,</span> <span class='ocrx_word' id='word_1_72' title='bbox 1348 1355 1381 1420; x_wconf 92' lang='lat' dir='ltr'>et</span> <span class='ocrx_word' id='word_1_73' title='bbox 1407 1357 1569 1438; x_wconf 90' lang='lat' dir='ltr'>sequente</span> 
     </span>
     <span class='ocr_line' id='line_1_10' title="bbox 291 1459 1570 1545; baseline 0.002 -21"><span class='ocrx_word' id='word_1_74' title='bbox 291 1460 501 1544; x_wconf 86' lang='lat' dir='ltr'>paragrapho</span> <span class='ocrx_word' id='word_1_75' title='bbox 540 1459 641 1526; x_wconf 88' lang='lat' dir='ltr'>huius</span> <span class='ocrx_word' id='word_1_76' title='bbox 680 1461 790 1545; x_wconf 88' lang='lat' dir='ltr'>partes</span> <span class='ocrx_word' id='word_1_77' title='bbox 828 1459 1015 1543; x_wconf 90' lang='lat' dir='ltr'>sumpsisse</span> <span class='ocrx_word' id='word_1_78' title='bbox 1050 1459 1251 1539; x_wconf 91' lang='lat' dir='ltr'>adversetur,</span> <span class='ocrx_word' id='word_1_79' title='bbox 1291 1460 1434 1545; x_wconf 91' lang='lat' dir='ltr'>primum</span> <span class='ocrx_word' id='word_1_80' title='bbox 1469 1461 1570 1527; x_wconf 92' lang='lat' dir='ltr'>velim</span> 
     </span>
     <span class='ocr_line' id='line_1_11' title="bbox 291 1563 1570 1651; baseline 0.002 -21"><span class='ocrx_word' id='word_1_81' title='bbox 291 1563 471 1650; x_wconf 78' lang='lat' dir='ltr'>Augustini</span> <span class='ocrx_word' id='word_1_82' title='bbox 507 1565 745 1651; x_wconf 86' lang='lat' dir='ltr'>explicationes</span> <span class='ocrx_word' id='word_1_83' title='bbox 777 1567 941 1651; x_wconf 88' lang='lat' dir='ltr'>respiciat,</span> <span class='ocrx_word' id='word_1_84' title='bbox 974 1585 1061 1651; x_wconf 89' lang='lat' dir='ltr'>quae</span> <span class='ocrx_word' id='word_1_85' title='bbox 1093 1567 1128 1634; x_wconf 95' lang='lat' dir='ltr'>in</span> <span class='ocrx_word' id='word_1_86' title='bbox 1160 1563 1191 1632; x_wconf 94' lang='lat' dir='ltr'>II</span> <span class='ocrx_word' id='word_1_87' title='bbox 1226 1567 1265 1633; x_wconf 89' lang='lat'>16</span> <span class='ocrx_word' id='word_1_88' title='bbox 1292 1585 1367 1651; x_wconf 87' lang='lat' dir='ltr'>sqq.</span> <span class='ocrx_word' id='word_1_89' title='bbox 1392 1566 1570 1634; x_wconf 91' lang='lat' dir='ltr'>adversarii</span> 
     </span>
     <span class='ocr_line' id='line_1_12' title="bbox 290 1657 1573 1758; baseline 0.002 -20"><span class='ocrx_word' id='word_1_90' title='bbox 290 1671 483 1751; x_wconf 89' lang='lat' dir='ltr'>sententias,</span> <span class='ocrx_word' id='word_1_91' title='bbox 507 1670 543 1737; x_wconf 95' lang='lat' dir='ltr'>lll</span> <span class='ocrx_word' id='word_1_92' title='bbox 562 1671 606 1738; x_wconf 85' lang='lat'>37</span> <span class='ocrx_word' id='word_1_93' title='bbox 622 1690 695 1755; x_wconf 85' lang='lat' dir='ltr'>sqq.</span> <span class='ocrx_word' id='word_1_94' title='bbox 714 1657 892 1740; x_wconf 89' lang='lat' dir='ltr'>Ciceronis</span> <span class='ocrx_word' id='word_1_95' title='bbox 909 1674 1183 1758; x_wconf 88' lang='lat' dir='ltr'>complectuntur.</span> <span class='ocrx_word' id='word_1_96' title='bbox 1221 1670 1337 1758; x_wconf 88' lang='lat' dir='ltr'>Itaque</span> <span class='ocrx_word' id='word_1_97' title='bbox 1361 1692 1437 1740; x_wconf 89' lang='lat' dir='ltr'>cum</span> <span class='ocrx_word' id='word_1_98' title='bbox 1453 1673 1573 1740; x_wconf 87' lang='lat' dir='ltr'>Varro·</span> 
     </span>
     <span class='ocr_line' id='line_1_13' title="bbox 290 1779 1570 1865; baseline 0.002 -22"><span class='ocrx_word' id='word_1_99' title='bbox 290 1795 368 1844; x_wconf 91' lang='lat' dir='ltr'>nem</span> <span class='ocrx_word' id='word_1_100' title='bbox 398 1796 448 1858; x_wconf 90' lang='lat' dir='ltr'>ea,</span> <span class='ocrx_word' id='word_1_101' title='bbox 481 1795 568 1863; x_wconf 91' lang='lat' dir='ltr'>quae</span> <span class='ocrx_word' id='word_1_102' title='bbox 597 1797 696 1865; x_wconf 88' lang='lat' dir='ltr'>supra</span> <span class='ocrx_word' id='word_1_103' title='bbox 723 1779 911 1865; x_wconf 79' lang='lat' dir='ltr'>significata</span> <span class='ocrx_word' id='word_1_104' title='bbox 940 1784 1027 1860; x_wconf 90' lang='lat' dir='ltr'>sunt,</span> <span class='ocrx_word' id='word_1_105' title='bbox 1058 1780 1256 1865; x_wconf 86' lang='lat' dir='ltr'>explanasse</span> <span class='ocrx_word' id='word_1_106' title='bbox 1285 1798 1396 1863; x_wconf 89' lang='lat' dir='ltr'>neque</span> <span class='ocrx_word' id='word_1_107' title='bbox 1427 1797 1506 1847; x_wconf 88' lang='lat' dir='ltr'>vero</span> <span class='ocrx_word' id='word_1_108' title='bbox 1536 1781 1570 1846; x_wconf 91' lang='lat' dir='ltr'>in</span> 
     </span>
     <span class='ocr_line' id='line_1_14' title="bbox 290 1881 1570 1970; baseline 0.002 -20"><span class='ocrx_word' id='word_1_109' title='bbox 290 1883 376 1950; x_wconf 92' lang='lat' dir='ltr'>libro</span> <span class='ocrx_word' id='word_1_110' title='bbox 403 1881 427 1949; x_wconf 94' lang='grc' dir='ltr'>Ι.</span> <span class='ocrx_word' id='word_1_111' title='bbox 456 1887 534 1970; x_wconf 92' lang='lat' dir='ltr'>post</span> <span class='ocrx_word' id='word_1_112' title='bbox 562 1883 733 1952; x_wconf 86' lang='lat' dir='ltr'>Ciceronis</span> <span class='ocrx_word' id='word_1_113' title='bbox 761 1886 958 1966; x_wconf 91' lang='lat' dir='ltr'>orationem,</span> <span class='ocrx_word' id='word_1_114' title='bbox 991 1886 1086 1953; x_wconf 91' lang='lat' dir='ltr'>cuius</span> <span class='ocrx_word' id='word_1_115' title='bbox 1115 1887 1245 1953; x_wconf 91' lang='lat' dir='ltr'>initium</span> <span class='ocrx_word' id='word_1_116' title='bbox 1274 1886 1385 1953; x_wconf 89' lang='lat' dir='ltr'>solum</span> <span class='ocrx_word' id='word_1_117' title='bbox 1413 1887 1570 1954; x_wconf 89' lang='lat' dir='ltr'>traditum</span> 
     </span>
     <span class='ocr_line' id='line_1_15' title="bbox 291 1991 1569 2078; baseline 0.002 -22"><span class='ocrx_word' id='word_1_118' title='bbox 291 1992 350 2070; x_wconf 90' lang='lat' dir='ltr'>est,</span> <span class='ocrx_word' id='word_1_119' title='bbox 386 1994 549 2064; x_wconf 87' lang='lat' dir='ltr'>oratorem</span> <span class='ocrx_word' id='word_1_120' title='bbox 585 1991 749 2058; x_wconf 87' lang='lat' dir='ltr'>exstitisse</span> <span class='ocrx_word' id='word_1_121' title='bbox 784 1992 958 2077; x_wconf 91' lang='lat' dir='ltr'>probabile</span> <span class='ocrx_word' id='word_1_122' title='bbox 993 1993 1044 2072; x_wconf 91' lang='lat' dir='ltr'>sit,</span> <span class='ocrx_word' id='word_1_123' title='bbox 1080 1993 1162 2075; x_wconf 88' lang='lat' dir='ltr'>quin</span> <span class='ocrx_word' id='word_1_124' title='bbox 1198 1994 1284 2060; x_wconf 92' lang='lat' dir='ltr'>hanc</span> <span class='ocrx_word' id='word_1_125' title='bbox 1314 1993 1569 2078; x_wconf 92' lang='lat' dir='ltr'>responsionem</span> 
     </span>
     <span class='ocr_line' id='line_1_16' title="bbox 290 2094 1575 2185; baseline 0.002 -22"><span class='ocrx_word' id='word_1_126' title='bbox 290 2096 375 2164; x_wconf 91' lang='lat' dir='ltr'>libro</span> <span class='ocrx_word' id='word_1_127' title='bbox 413 2094 451 2164; x_wconf 89' lang='lat' dir='ltr'>ll.</span> <span class='ocrx_word' id='word_1_128' title='bbox 487 2097 643 2178; x_wconf 86' lang='lat' dir='ltr'>tribuam,</span> <span class='ocrx_word' id='word_1_129' title='bbox 681 2098 788 2166; x_wconf 89' lang='lat' dir='ltr'>tacere</span> <span class='ocrx_word' id='word_1_130' title='bbox 827 2116 896 2165; x_wconf 92' lang='lat' dir='ltr'>non</span> <span class='ocrx_word' id='word_1_131' title='bbox 936 2116 1088 2183; x_wconf 90' lang='lat' dir='ltr'>possum.</span> <span class='ocrx_word' id='word_1_132' title='bbox 1151 2099 1322 2170; x_wconf 84' lang='lat' dir='ltr'>Krischius</span> <span class='ocrx_word' id='word_1_133' title='bbox 1361 2117 1443 2185; x_wconf 92' lang='lat' dir='ltr'>ergo</span> <span class='ocrx_word' id='word_1_134' title='bbox 1482 2103 1575 2166; x_wconf 89' lang='lat' dir='ltr'>ratus</span> 
     </span>
     <span class='ocr_line' id='line_1_17' title="bbox 246 2204 1570 2290; baseline 0.002 -21"><span class='ocrx_word' id='word_1_135' title='bbox 246 2225 248 2230; x_wconf 68' lang='grc'>’</span> <span class='ocrx_word' id='word_1_136' title='bbox 291 2222 368 2289; x_wconf 88' lang='lat' dir='ltr'>pag.</span> <span class='ocrx_word' id='word_1_137' title='bbox 402 2204 458 2270; x_wconf 91' lang='lat'>181</span> <span class='ocrx_word' id='word_1_138' title='bbox 491 2222 540 2288; x_wconf 89' lang='lat' dir='ltr'>sq.</span> <span class='ocrx_word' id='word_1_139' title='bbox 565 2204 635 2272; x_wconf 90' lang='lat' dir='ltr'>lieri</span> <span class='ocrx_word' id='word_1_140' title='bbox 663 2222 732 2272; x_wconf 92' lang='lat' dir='ltr'>non</span> <span class='ocrx_word' id='word_1_141' title='bbox 761 2223 873 2290; x_wconf 88' lang='lat' dir='ltr'>posse,</span> <span class='ocrx_word' id='word_1_142' title='bbox 902 2206 984 2289; x_wconf 90' lang='lat' dir='ltr'>quin</span> <span class='ocrx_word' id='word_1_143' title='bbox 1012 2205 1046 2271; x_wconf 91' lang='lat' dir='ltr'>in</span> <span class='ocrx_word' id='word_1_144' title='bbox 1075 2206 1160 2272; x_wconf 91' lang='lat' dir='ltr'>libro</span> <span class='ocrx_word' id='word_1_145' title='bbox 1188 2204 1223 2272; x_wconf 88' lang='lat' dir='ltr'>ll.</span> <span class='ocrx_word' id='word_1_146' title='bbox 1246 2204 1350 2272; x_wconf 92' lang='lat' dir='ltr'>Varro</span> <span class='ocrx_word' id='word_1_147' title='bbox 1379 2207 1570 2273; x_wconf 91' lang='lat' dir='ltr'>continuam</span> 
     </span>
     <span class='ocr_line' id='line_1_18' title="bbox 294 2310 1064 2392; baseline 0.001 -15"><span class='ocrx_word' id='word_1_148' title='bbox 294 2310 478 2377; x_wconf 92' lang='lat' dir='ltr'>orationem</span> <span class='ocrx_word' id='word_1_149' title='bbox 503 2310 666 2392; x_wconf 88' lang='lat' dir='ltr'>habuerit,</span> <span class='ocrx_word' id='word_1_150' title='bbox 691 2312 772 2379; x_wconf 85' lang='lat' dir='ltr'>milri</span> <span class='ocrx_word' id='word_1_151' title='bbox 797 2331 902 2379; x_wconf 92' lang='lat' dir='ltr'>errare</span> <span class='ocrx_word' id='word_1_152' title='bbox 925 2311 1064 2378; x_wconf 90' lang='lat' dir='ltr'>videtur.</span> 
     </span>
    </p>
   </div>
   <div class='ocr_carea' id='block_1_3' title="bbox 292 2419 1583 4549">
    <p class='ocr_par' dir='ltr' id='par_1_3' title="bbox 292 2419 1583 4549">
     <span class='ocr_line' id='line_1_19' title="bbox 302 2419 1576 2524; baseline 0.003 -24"><span class='ocrx_word' id='word_1_153' title='bbox 302 2463 304 2467; x_wconf 95' lang='lat'>·</span> <span class='ocrx_word' id='word_1_154' title='bbox 381 2434 461 2501; x_wconf 84' lang='lat' dir='ltr'>Post</span> <span class='ocrx_word' id='word_1_155' title='bbox 489 2436 600 2502; x_wconf 90' lang='lat' dir='ltr'>locum</span> <span class='ocrx_word' id='word_1_156' title='bbox 624 2436 646 2518; x_wconf 86' lang='lat'>§</span> <span class='ocrx_word' id='word_1_157' title='bbox 672 2419 717 2502; x_wconf 69' lang='lat' dir='ltr'>15v</span> <span class='ocrx_word' id='word_1_158' title='bbox 735 2454 835 2522; x_wconf 87' lang='lat' dir='ltr'>supra</span> <span class='ocrx_word' id='word_1_159' title='bbox 860 2455 878 2502; x_wconf 93' lang='lat' dir='ltr'>a</span> <span class='ocrx_word' id='word_1_160' title='bbox 903 2436 1003 2503; x_wconf 90' lang='lat' dir='ltr'>nobis</span> <span class='ocrx_word' id='word_1_161' title='bbox 1030 2439 1260 2521; x_wconf 90' lang='lat' dir='ltr'>pertractatum</span> <span class='ocrx_word' id='word_1_162' title='bbox 1289 2436 1500 2524; x_wconf 88' lang='lat' dir='ltr'>Augustinus</span> <span class='ocrx_word' id='word_1_163' title='bbox 1528 2437 1576 2504; x_wconf 91' lang='lat' dir='ltr'>de·</span> 
     </span>
     <span class='ocr_line' id='line_1_20' title="bbox 292 2538 1571 2631; baseline 0.003 -25"><span class='ocrx_word' id='word_1_164' title='bbox 292 2538 457 2608; x_wconf 89' lang='lat' dir='ltr'>Antiocho</span> <span class='ocrx_word' id='word_1_165' title='bbox 490 2542 533 2609; x_wconf 90' lang='lat' dir='ltr'>ita</span> <span class='ocrx_word' id='word_1_166' title='bbox 565 2542 701 2609; x_wconf 91' lang='lat' dir='ltr'>iudicat:</span> <span class='ocrx_word' id='word_1_167' title='bbox 741 2543 856 2628; x_wconf 90' lang='lat' dir='ltr'>,ipsos</span> <span class='ocrx_word' id='word_1_168' title='bbox 886 2542 984 2609; x_wconf 90' lang='lat' dir='ltr'>etiam</span> <span class='ocrx_word' id='word_1_169' title='bbox 1013 2542 1232 2611; x_wconf 89' lang='lat' dir='ltr'>Academicos</span> <span class='ocrx_word' id='word_1_170' title='bbox 1261 2562 1478 2631; x_wconf 89' lang='lat' dir='ltr'>oppugnans,</span> <span class='ocrx_word' id='word_1_171' title='bbox 1515 2545 1571 2630; x_wconf 90' lang='lat' dir='ltr'>qui</span> 
     </span>
     <span class='ocr_line' id='line_1_21' title="bbox 292 2648 1578 2738; baseline 0.004 -24"><span class='ocrx_word' id='word_1_172' title='bbox 292 2666 329 2714; x_wconf 87' lang='lat' dir='ltr'>se</span> <span class='ocrx_word' id='word_1_173' title='bbox 358 2649 424 2714; x_wconf 93' lang='lat' dir='ltr'>veri</span> <span class='ocrx_word' id='word_1_174' title='bbox 448 2648 556 2714; x_wconf 89' lang='lat' dir='ltr'>simile</span> <span class='ocrx_word' id='word_1_175' title='bbox 580 2649 818 2717; x_wconf 87' lang='lat' dir='ltr'>contenderent</span> <span class='ocrx_word' id='word_1_176' title='bbox 846 2649 952 2735; x_wconf 91' lang='lat' dir='ltr'>sequi,</span> <span class='ocrx_word' id='word_1_177' title='bbox 982 2668 1057 2716; x_wconf 91' lang='lat' dir='ltr'>cum</span> <span class='ocrx_word' id='word_1_178' title='bbox 1083 2651 1194 2736; x_wconf 90' lang='lat' dir='ltr'>ipsum</span> <span class='ocrx_word' id='word_1_179' title='bbox 1218 2668 1333 2718; x_wconf 89' lang='lat' dir='ltr'>verum</span> <span class='ocrx_word' id='word_1_180' title='bbox 1359 2671 1395 2718; x_wconf 92' lang='lat' dir='ltr'>se</span> <span class='ocrx_word' id='word_1_181' title='bbox 1419 2653 1578 2738; x_wconf 86' lang='lat' dir='ltr'>ignorare</span> 
     </span>
     <span class='ocr_line' id='line_1_22' title="bbox 294 2754 1575 2844; baseline 0.002 -24"><span class='ocrx_word' id='word_1_182' title='bbox 294 2754 488 2837; x_wconf 77' lang='lat' dir='ltr'>faterentur3</span> <span class='ocrx_word' id='word_1_183' title='bbox 522 2756 694 2840; x_wconf 90' lang='lat' dir='ltr'>multaque</span> <span class='ocrx_word' id='word_1_184' title='bbox 729 2759 925 2842; x_wconf 90' lang='lat' dir='ltr'>argumenta</span> <span class='ocrx_word' id='word_1_185' title='bbox 960 2757 1148 2842; x_wconf 88' lang='lat' dir='ltr'>collegerat,</span> <span class='ocrx_word' id='word_1_186' title='bbox 1185 2758 1310 2843; x_wconf 91' lang='lat' dir='ltr'>quibus</span> <span class='ocrx_word' id='word_1_187' title='bbox 1341 2777 1430 2826; x_wconf 91' lang='lat' dir='ltr'>nunc</span> <span class='ocrx_word' id='word_1_188' title='bbox 1459 2776 1575 2844; x_wconf 91' lang='lat' dir='ltr'>super-</span> 
     </span>
     <span class='ocr_line' id='line_1_23' title="bbox 293 2860 1571 2951; baseline 0.002 -23"><span class='ocrx_word' id='word_1_189' title='bbox 293 2860 479 2929; x_wconf 91' lang='lat' dir='ltr'>sedendum</span> <span class='ocrx_word' id='word_1_190' title='bbox 509 2863 678 2929; x_wconf 84' lang='lat' dir='ltr'>arbitror.“</span> <span class='ocrx_word' id='word_1_191' title='bbox 726 2862 839 2929; x_wconf 86' lang='lat' dir='ltr'>Talem</span> <span class='ocrx_word' id='word_1_192' title='bbox 870 2864 1195 2947; x_wconf 89' lang='lat' dir='ltr'>argumentationem</span> <span class='ocrx_word' id='word_1_193' title='bbox 1219 2883 1238 2930; x_wconf 94' lang='lat' dir='ltr'>a</span> <span class='ocrx_word' id='word_1_194' title='bbox 1260 2863 1409 2932; x_wconf 90' lang='lat' dir='ltr'>Varrone</span> <span class='ocrx_word' id='word_1_195' title='bbox 1433 2883 1571 2951; x_wconf 90' lang='lat' dir='ltr'>quoque</span> 
     </span>
     <span class='ocr_line' id='line_1_24' title="bbox 293 2969 1580 3057; baseline 0.002 -23"><span class='ocrx_word' id='word_1_196' title='bbox 293 2969 327 3035; x_wconf 90' lang='lat' dir='ltr'>in</span> <span class='ocrx_word' id='word_1_197' title='bbox 361 2969 445 3035; x_wconf 91' lang='lat' dir='ltr'>libro</span> <span class='ocrx_word' id='word_1_198' title='bbox 478 2969 512 3036; x_wconf 89' lang='lat' dir='ltr'>ll.</span> <span class='ocrx_word' id='word_1_199' title='bbox 543 2969 731 3036; x_wconf 90' lang='lat' dir='ltr'>adiunctam</span> <span class='ocrx_word' id='word_1_200' title='bbox 763 2987 837 3036; x_wconf 90' lang='lat' dir='ltr'>esse</span> <span class='ocrx_word' id='word_1_201' title='bbox 868 2970 1027 3054; x_wconf 90' lang='lat' dir='ltr'>suspicari</span> <span class='ocrx_word' id='word_1_202' title='bbox 1057 2970 1142 3037; x_wconf 90' lang='lat' dir='ltr'>licet.</span> <span class='ocrx_word' id='word_1_203' title='bbox 1195 2970 1315 3057; x_wconf 89' lang='lat' dir='ltr'>Neque</span> <span class='ocrx_word' id='word_1_204' title='bbox 1347 2974 1459 3038; x_wconf 90' lang='lat' dir='ltr'>tamen</span> <span class='ocrx_word' id='word_1_205' title='bbox 1492 2972 1580 3037; x_wconf 89' lang='lat' dir='ltr'>haec·</span> 
     </span>
     <span class='ocr_line' id='line_1_25' title="bbox 292 3075 1573 3164; baseline 0.001 -23"><span class='ocrx_word' id='word_1_206' title='bbox 292 3078 393 3143; x_wconf 90' lang='lat' dir='ltr'>verba</span> <span class='ocrx_word' id='word_1_207' title='bbox 418 3076 452 3142; x_wconf 92' lang='lat' dir='ltr'>in</span> <span class='ocrx_word' id='word_1_208' title='bbox 475 3075 567 3144; x_wconf 89' lang='lat' dir='ltr'>tonte</span> <span class='ocrx_word' id='word_1_209' title='bbox 591 3075 757 3143; x_wconf 87' lang='lat' dir='ltr'>exstitisse</span> <span class='ocrx_word' id='word_1_210' title='bbox 782 3076 929 3156; x_wconf 91' lang='lat' dir='ltr'>arbitror,</span> <span class='ocrx_word' id='word_1_211' title='bbox 954 3076 1013 3143; x_wconf 87' lang='lat' dir='ltr'>sed</span> <span class='ocrx_word' id='word_1_212' title='bbox 1036 3075 1187 3164; x_wconf 91' lang='lat' dir='ltr'>Alypius,</span> <span class='ocrx_word' id='word_1_213' title='bbox 1212 3078 1306 3144; x_wconf 91' lang='lat' dir='ltr'>cuius</span> <span class='ocrx_word' id='word_1_214' title='bbox 1331 3078 1434 3144; x_wconf 90' lang='lat' dir='ltr'>multa</span> <span class='ocrx_word' id='word_1_215' title='bbox 1458 3076 1573 3143; x_wconf 92' lang='lat' dir='ltr'>adver-</span> 
     </span>
     <span class='ocr_line' id='line_1_26' title="bbox 294 3183 1577 3269; baseline -0.002 -19"><span class='ocrx_word' id='word_1_216' title='bbox 294 3183 372 3250; x_wconf 86' lang='lat' dir='ltr'>sarii</span> <span class='ocrx_word' id='word_1_217' title='bbox 393 3187 589 3268; x_wconf 88' lang='lat' dir='ltr'>argumenta</span> <span class='ocrx_word' id='word_1_218' title='bbox 606 3201 706 3267; x_wconf 88' lang='lat' dir='ltr'>quam</span> <span class='ocrx_word' id='word_1_219' title='bbox 732 3183 910 3269; x_wconf 90' lang='lat' dir='ltr'>plurimum</span> <span class='ocrx_word' id='word_1_220' title='bbox 936 3185 1193 3268; x_wconf 88' lang='lat' dir='ltr'>praetermittere</span> <span class='ocrx_word' id='word_1_221' title='bbox 1210 3185 1393 3263; x_wconf 90' lang='lat' dir='ltr'>interesset,</span> <span class='ocrx_word' id='word_1_222' title='bbox 1419 3184 1577 3250; x_wconf 89' lang='lat' dir='ltr'>universe</span> 
     </span>
     <span class='ocr_line' id='line_1_27' title="bbox 294 3288 1575 3376; baseline -0.002 -19"><span class='ocrx_word' id='word_1_223' title='bbox 294 3289 459 3374; x_wconf 79' lang='lat' dir='ltr'>significat</span> <span class='ocrx_word' id='word_1_224' title='bbox 478 3288 714 3356; x_wconf 89' lang='lat' dir='ltr'>tantummodo</span> <span class='ocrx_word' id='word_1_225' title='bbox 735 3291 807 3369; x_wconf 89' lang='lat' dir='ltr'>ista,</span> <span class='ocrx_word' id='word_1_226' title='bbox 830 3308 917 3375; x_wconf 90' lang='lat' dir='ltr'>quae</span> <span class='ocrx_word' id='word_1_227' title='bbox 938 3308 1008 3356; x_wconf 91' lang='lat' dir='ltr'>non</span> <span class='ocrx_word' id='word_1_228' title='bbox 1029 3290 1102 3357; x_wconf 93' lang='lat' dir='ltr'>eius</span> <span class='ocrx_word' id='word_1_229' title='bbox 1124 3291 1184 3357; x_wconf 90' lang='lat' dir='ltr'>sed</span> <span class='ocrx_word' id='word_1_230' title='bbox 1201 3290 1379 3376; x_wconf 91' lang='lat' dir='ltr'>Augustini</span> <span class='ocrx_word' id='word_1_231' title='bbox 1401 3290 1575 3358; x_wconf 88' lang='lat' dir='ltr'>enucleare</span> 
     </span>
     <span class='ocr_line' id='line_1_28' title="bbox 298 3396 1579 3484; baseline 0 -22"><span class='ocrx_word' id='word_1_232' title='bbox 298 3413 422 3462; x_wconf 90' lang='lat' dir='ltr'>munus</span> <span class='ocrx_word' id='word_1_233' title='bbox 450 3399 528 3462; x_wconf 93' lang='lat' dir='ltr'>erat.</span> <span class='ocrx_word' id='word_1_234' title='bbox 574 3396 608 3462; x_wconf 92' lang='lat' dir='ltr'>ln</span> <span class='ocrx_word' id='word_1_235' title='bbox 637 3396 689 3462; x_wconf 91' lang='lat' dir='ltr'>his</span> <span class='ocrx_word' id='word_1_236' title='bbox 716 3396 778 3462; x_wconf 88' lang='lat' dir='ltr'>tuit</span> <span class='ocrx_word' id='word_1_237' title='bbox 807 3397 851 3477; x_wconf 93' lang='lat' dir='ltr'>id,</span> <span class='ocrx_word' id='word_1_238' title='bbox 880 3396 971 3483; x_wconf 90' lang='lat' dir='ltr'>quod</span> <span class='ocrx_word' id='word_1_239' title='bbox 1002 3400 1121 3482; x_wconf 91' lang='lat' dir='ltr'>postea</span> <span class='ocrx_word' id='word_1_240' title='bbox 1149 3398 1173 3464; x_wconf 96' lang='lat' dir='ltr'>ll</span> <span class='ocrx_word' id='word_1_241' title='bbox 1205 3398 1244 3465; x_wconf 83' lang='lat' dir='ltr'>lb</span> <span class='ocrx_word' id='word_1_242' title='bbox 1263 3417 1336 3484; x_wconf 88' lang='lat' dir='ltr'>sqq.</span> <span class='ocrx_word' id='word_1_243' title='bbox 1365 3397 1579 3483; x_wconf 84' lang='lat' dir='ltr'>Augustinus</span> 
     </span>
     <span class='ocr_line' id='line_1_29' title="bbox 296 3500 1573 3596; baseline 0.001 -29"><span class='ocrx_word' id='word_1_244' title='bbox 296 3501 411 3568; x_wconf 88' lang='lat' dir='ltr'>attulit.</span> <span class='ocrx_word' id='word_1_245' title='bbox 459 3500 565 3570; x_wconf 90' lang='lat' dir='ltr'>Cuius</span> <span class='ocrx_word' id='word_1_246' title='bbox 594 3504 892 3589; x_wconf 87' lang='lat' dir='ltr'>argumentationis</span> <span class='ocrx_word' id='word_1_247' title='bbox 921 3504 1011 3570; x_wconf 91' lang='lat' dir='ltr'>nulla</span> <span class='ocrx_word' id='word_1_248' title='bbox 1035 3504 1068 3569; x_wconf 95' lang='lat' dir='ltr'>in</span> <span class='ocrx_word' id='word_1_249' title='bbox 1094 3505 1232 3596; x_wconf 89' lang='lat' dir='ltr'>Lucullo</span> <span class='ocrx_word' id='word_1_250' title='bbox 1256 3505 1374 3572; x_wconf 90' lang='lat' dir='ltr'>similis</span> <span class='ocrx_word' id='word_1_251' title='bbox 1399 3504 1573 3571; x_wconf 89' lang='lat' dir='ltr'>invenitur.</span> 
     </span>
     <span class='ocr_line' id='line_1_30' title="bbox 294 3607 1579 3696; baseline 0.002 -22"><span class='ocrx_word' id='word_1_252' title='bbox 294 3607 337 3674; x_wconf 95' lang='lat' dir='ltr'>At</span> <span class='ocrx_word' id='word_1_253' title='bbox 363 3609 541 3675; x_wconf 90' lang='lat' dir='ltr'>verisimile</span> <span class='ocrx_word' id='word_1_254' title='bbox 569 3608 627 3676; x_wconf 90' lang='lat' dir='ltr'>Ac.</span> <span class='ocrx_word' id='word_1_255' title='bbox 651 3608 675 3676; x_wconf 93' lang='lat' dir='ltr'>ll</span> <span class='ocrx_word' id='word_1_256' title='bbox 702 3610 745 3677; x_wconf 89' lang='grc'>33</span> <span class='ocrx_word' id='word_1_257' title='bbox 770 3627 844 3696; x_wconf 90' lang='lat' dir='ltr'>sqq.</span> <span class='ocrx_word' id='word_1_258' title='bbox 869 3611 1097 3695; x_wconf 90' lang='lat' dir='ltr'>perstringitur</span> <span class='ocrx_word' id='word_1_259' title='bbox 1127 3613 1271 3692; x_wconf 92' lang='lat' dir='ltr'>tantum;</span> <span class='ocrx_word' id='word_1_260' title='bbox 1304 3611 1370 3678; x_wconf 93' lang='lat' dir='ltr'>iam</span> <span class='ocrx_word' id='word_1_261' title='bbox 1400 3611 1467 3677; x_wconf 92' lang='lat' dir='ltr'>alio</span> <span class='ocrx_word' id='word_1_262' title='bbox 1498 3611 1579 3676; x_wconf 89' lang='lat' dir='ltr'>loco</span> 
     </span>
     <span class='ocr_line' id='line_1_31' title="bbox 296 3715 1573 3802; baseline -0.002 -20"><span class='ocrx_word' id='word_1_263' title='bbox 296 3715 338 3782; x_wconf 92' lang='lat' dir='ltr'>de</span> <span class='ocrx_word' id='word_1_264' title='bbox 377 3715 498 3781; x_wconf 91' lang='lat' dir='ltr'>eodem</span> <span class='ocrx_word' id='word_1_265' title='bbox 537 3718 646 3782; x_wconf 92' lang='lat' dir='ltr'>actum</span> <span class='ocrx_word' id='word_1_266' title='bbox 685 3716 788 3783; x_wconf 89' lang='lat' dir='ltr'>tuisse</span> <span class='ocrx_word' id='word_1_267' title='bbox 827 3717 928 3801; x_wconf 91' lang='lat' dir='ltr'>paulo</span> <span class='ocrx_word' id='word_1_268' title='bbox 968 3720 1043 3784; x_wconf 89' lang='lat' dir='ltr'>ante</span> <span class='ocrx_word' id='word_1_269' title='bbox 1082 3717 1244 3785; x_wconf 88' lang='lat' dir='ltr'>indicatur</span> <span class='ocrx_word' id='word_1_270' title='bbox 1276 3717 1387 3785; x_wconf 90' lang='lat' dir='ltr'>verbis</span> <span class='ocrx_word' id='word_1_271' title='bbox 1425 3718 1446 3801; x_wconf 88' lang='lat'>§</span> <span class='ocrx_word' id='word_1_272' title='bbox 1479 3715 1573 3802; x_wconf 83' lang='lat'>32¹):</span> 
     </span>
     <span class='ocr_line' id='line_1_32' title="bbox 300 3821 1579 3908; baseline 0 -20"><span class='ocrx_word' id='word_1_273' title='bbox 300 3821 443 3899; x_wconf 87' lang='lat' dir='ltr'>,Volunt</span> <span class='ocrx_word' id='word_1_274' title='bbox 471 3823 560 3888; x_wconf 92' lang='lat' dir='ltr'>enim</span> <span class='ocrx_word' id='word_1_275' title='bbox 590 3825 636 3905; x_wconf 89' lang='lat' dir='ltr'>(et</span> <span class='ocrx_word' id='word_1_276' title='bbox 659 3824 725 3891; x_wconf 89' lang='lat' dir='ltr'>hoc</span> <span class='ocrx_word' id='word_1_277' title='bbox 754 3823 890 3908; x_wconf 90' lang='lat' dir='ltr'>quidem</span> <span class='ocrx_word' id='word_1_278' title='bbox 918 3823 970 3890; x_wconf 94' lang='lat' dir='ltr'>vel</span> <span class='ocrx_word' id='word_1_279' title='bbox 997 3825 1143 3892; x_wconf 87' lang='lat' dir='ltr'>maxime</span> <span class='ocrx_word' id='word_1_280' title='bbox 1168 3843 1229 3892; x_wconf 90' lang='lat' dir='ltr'>vos</span> <span class='ocrx_word' id='word_1_281' title='bbox 1256 3824 1579 3891; x_wconf 90' lang='lat' dir='ltr'>animadvertebam</span> 
     </span>
     <span class='ocr_line' id='line_1_33' title="bbox 296 3929 1579 4015; baseline 0 -21"><span class='ocrx_word' id='word_1_282' title='bbox 296 3929 436 4011; x_wconf 89' lang='lat' dir='ltr'>moveri)</span> <span class='ocrx_word' id='word_1_283' title='bbox 460 3930 633 4014; x_wconf 89' lang='lat' dir='ltr'>probabile</span> <span class='ocrx_word' id='word_1_284' title='bbox 657 3930 782 4014; x_wconf 90' lang='lat' dir='ltr'>aliquid</span> <span class='ocrx_word' id='word_1_285' title='bbox 807 3948 881 3997; x_wconf 91' lang='lat' dir='ltr'>esse</span> <span class='ocrx_word' id='word_1_286' title='bbox 903 3933 934 3996; x_wconf 91' lang='lat' dir='ltr'>et</span> <span class='ocrx_word' id='word_1_287' title='bbox 956 3931 1052 4015; x_wconf 89' lang='lat' dir='ltr'>quasi</span> <span class='ocrx_word' id='word_1_288' title='bbox 1074 3931 1286 3998; x_wconf 66' lang='lat' dir='ltr'>verisimilet.</span> <span class='ocrx_word' id='word_1_289' title='bbox 1323 3929 1426 4012; x_wconf 91' lang='lat' dir='ltr'>Quod</span> <span class='ocrx_word' id='word_1_290' title='bbox 1451 3931 1515 3996; x_wconf 92' lang='lat' dir='ltr'>nisi</span> <span class='ocrx_word' id='word_1_291' title='bbox 1539 3931 1579 3994; x_wconf 90' lang='lat' dir='ltr'>in</span> 
     </span>
     <span class='ocr_line' id='line_1_34' title="bbox 297 4034 1581 4123; baseline 0 -21"><span class='ocrx_word' id='word_1_292' title='bbox 297 4034 418 4102; x_wconf 89' lang='lat' dir='ltr'>Catulo</span> <span class='ocrx_word' id='word_1_293' title='bbox 443 4039 475 4103; x_wconf 89' lang='lat' dir='ltr'>et</span> <span class='ocrx_word' id='word_1_294' title='bbox 496 4035 580 4103; x_wconf 91' lang='lat' dir='ltr'>libro</span> <span class='ocrx_word' id='word_1_295' title='bbox 597 4035 630 4102; x_wconf 92' lang='lat' dir='ltr'>ll.</span> <span class='ocrx_word' id='word_1_296' title='bbox 646 4036 704 4102; x_wconf 92' lang='lat' dir='ltr'>Ac.</span> <span class='ocrx_word' id='word_1_297' title='bbox 723 4039 809 4122; x_wconf 87' lang='lat' dir='ltr'>post.</span> <span class='ocrx_word' id='word_1_298' title='bbox 827 4037 1039 4122; x_wconf 85' lang='lat' dir='ltr'>explanatum</span> <span class='ocrx_word' id='word_1_299' title='bbox 1063 4037 1167 4104; x_wconf 87' lang='lat' dir='ltr'>tuisse</span> <span class='ocrx_word' id='word_1_300' title='bbox 1191 4055 1260 4105; x_wconf 92' lang='lat' dir='ltr'>non</span> <span class='ocrx_word' id='word_1_301' title='bbox 1284 4041 1405 4123; x_wconf 91' lang='lat' dir='ltr'>potest.</span> <span class='ocrx_word' id='word_1_302' title='bbox 1441 4035 1581 4118; x_wconf 88' lang='lat' dir='ltr'>Quibus</span> 
     </span>
     <span class='ocr_line' id='line_1_35' title="bbox 297 4141 1575 4229; baseline 0 -21"><span class='ocrx_word' id='word_1_303' title='bbox 297 4143 378 4210; x_wconf 88' lang='lat' dir='ltr'>satis</span> <span class='ocrx_word' id='word_1_304' title='bbox 394 4143 537 4228; x_wconf 91' lang='lat' dir='ltr'>cognitis</span> <span class='ocrx_word' id='word_1_305' title='bbox 554 4147 586 4209; x_wconf 94' lang='lat' dir='ltr'>et</span> <span class='ocrx_word' id='word_1_306' title='bbox 602 4141 784 4210; x_wconf 89' lang='lat' dir='ltr'>Carneadis</span> <span class='ocrx_word' id='word_1_307' title='bbox 797 4143 1072 4228; x_wconf 91' lang='lat' dir='ltr'>vituperationem</span> <span class='ocrx_word' id='word_1_308' title='bbox 1087 4144 1120 4210; x_wconf 91' lang='lat' dir='ltr'>in</span> <span class='ocrx_word' id='word_1_309' title='bbox 1133 4146 1154 4227; x_wconf 84' lang='lat'>§</span> <span class='ocrx_word' id='word_1_310' title='bbox 1166 4143 1208 4210; x_wconf 79' lang='lat'>27</span> <span class='ocrx_word' id='word_1_311' title='bbox 1225 4145 1299 4211; x_wconf 90' lang='lat' dir='ltr'>libri</span> <span class='ocrx_word' id='word_1_312' title='bbox 1315 4141 1353 4210; x_wconf 90' lang='grc' dir='ltr'>Π.</span> <span class='ocrx_word' id='word_1_313' title='bbox 1371 4161 1575 4229; x_wconf 92' lang='lat' dir='ltr'>expressam,</span> 
     </span>
     <span class='ocr_line' id='line_1_36' title="bbox 297 4247 1582 4336; baseline -0.001 -21"><span class='ocrx_word' id='word_1_314' title='bbox 297 4266 385 4334; x_wconf 91' lang='lat' dir='ltr'>quae</span> <span class='ocrx_word' id='word_1_315' title='bbox 409 4250 526 4316; x_wconf 87' lang='lat' dir='ltr'>eadem</span> <span class='ocrx_word' id='word_1_316' title='bbox 551 4250 721 4317; x_wconf 83' lang='lat' dir='ltr'>refellendi</span> <span class='ocrx_word' id='word_1_317' title='bbox 745 4251 873 4324; x_wconf 89' lang='lat' dir='ltr'>ratione</span> <span class='ocrx_word' id='word_1_318' title='bbox 898 4247 1061 4332; x_wconf 71' lang='lat' dir='ltr'>nitatur2),</span> <span class='ocrx_word' id='word_1_319' title='bbox 1089 4250 1246 4317; x_wconf 92' lang='lat' dir='ltr'>Varronis</span> <span class='ocrx_word' id='word_1_320' title='bbox 1270 4251 1343 4317; x_wconf 91' lang='lat' dir='ltr'>libri</span> <span class='ocrx_word' id='word_1_321' title='bbox 1367 4250 1400 4317; x_wconf 93' lang='lat' dir='ltr'>ll.</span> <span class='ocrx_word' id='word_1_322' title='bbox 1426 4248 1582 4336; x_wconf 86' lang='lat' dir='ltr'>partibus</span> 
     </span>
     <span class='ocr_line' id='line_1_37' title="bbox 297 4355 1583 4425; baseline -0.002 -1"><span class='ocrx_word' id='word_1_323' title='bbox 297 4356 470 4424; x_wconf 90' lang='lat' dir='ltr'>ascribam.</span> <span class='ocrx_word' id='word_1_324' title='bbox 518 4357 560 4424; x_wconf 93' lang='lat' dir='ltr'>At</span> <span class='ocrx_word' id='word_1_325' title='bbox 589 4359 654 4424; x_wconf 89' lang='lat' dir='ltr'>hoc</span> <span class='ocrx_word' id='word_1_326' title='bbox 677 4358 744 4424; x_wconf 91' lang='lat' dir='ltr'>veri</span> <span class='ocrx_word' id='word_1_327' title='bbox 769 4357 879 4425; x_wconf 92' lang='lat' dir='ltr'>simile</span> <span class='ocrx_word' id='word_1_328' title='bbox 903 4359 946 4424; x_wconf 92' lang='lat' dir='ltr'>ab</span> <span class='ocrx_word' id='word_1_329' title='bbox 971 4356 1160 4424; x_wconf 89' lang='lat' dir='ltr'>adversario</span> <span class='ocrx_word' id='word_1_330' title='bbox 1184 4356 1357 4424; x_wconf 92' lang='lat' dir='ltr'>Ciceronis</span> <span class='ocrx_word' id='word_1_331' title='bbox 1386 4358 1419 4424; x_wconf 91' lang='lat' dir='ltr'>in</span> <span class='ocrx_word' id='word_1_332' title='bbox 1448 4355 1583 4423; x_wconf 86' lang='lat' dir='ltr'>Acade·-</span> 
     </span>
     <span class='ocr_line' id='line_1_38' title="bbox 297 4462 1583 4549; baseline -0.002 -19"><span class='ocrx_word' id='word_1_333' title='bbox 297 4463 403 4530; x_wconf 91' lang='lat' dir='ltr'>micos</span> <span class='ocrx_word' id='word_1_334' title='bbox 426 4465 529 4530; x_wconf 89' lang='lat' dir='ltr'>telum</span> <span class='ocrx_word' id='word_1_335' title='bbox 554 4464 675 4531; x_wconf 91' lang='lat' dir='ltr'>iactum</span> <span class='ocrx_word' id='word_1_336' title='bbox 700 4481 774 4530; x_wconf 88' lang='lat' dir='ltr'>esse</span> <span class='ocrx_word' id='word_1_337' title='bbox 796 4465 861 4530; x_wconf 92' lang='lat' dir='ltr'>iam</span> <span class='ocrx_word' id='word_1_338' title='bbox 879 4481 978 4549; x_wconf 91' lang='lat' dir='ltr'>supra</span> <span class='ocrx_word' id='word_1_339' title='bbox 996 4465 1098 4532; x_wconf 90' lang='lat' dir='ltr'>nobis</span> <span class='ocrx_word' id='word_1_340' title='bbox 1115 4464 1276 4532; x_wconf 90' lang='lat' dir='ltr'>elucebat.</span> <span class='ocrx_word' id='word_1_341' title='bbox 1315 4464 1428 4547; x_wconf 88' lang='lat' dir='ltr'>ltaque</span> <span class='ocrx_word' id='word_1_342' title='bbox 1451 4462 1583 4542; x_wconf 89' lang='lat' dir='ltr'>omnia,</span> 
     </span>
    </p>
   </div>
   <div class='ocr_carea' id='block_1_4' title="bbox 386 4711 1058 4873">
    <p class='ocr_par' dir='ltr' id='par_1_4' title="bbox 386 4711 1058 4873">
     <span class='ocr_line' id='line_1_39' title="bbox 386 4711 1058 4784; baseline 0 -18"><span class='ocrx_word' id='word_1_343' title='bbox 386 4711 1058 4784; x_wconf 52' lang='lat' dir='ltr'>lfflmfflmmfflwwmmt</span> 
     </span>
     <span class='ocr_line' id='line_1_40' title="bbox 387 4799 605 4873; baseline -0.005 -17"><span class='ocrx_word' id='word_1_344' title='bbox 387 4799 605 4873; x_wconf 52' lang='lat' dir='ltr'>bmfflm</span> 
     </span>
    </p>
   </div>
   <div class='ocr_carea' id='block_1_5' title="bbox 0 0 1787 5320">
    <p class='ocr_par' dir='ltr' id='par_1_5' title="bbox 0 0 1787 5320">
     <span class='ocr_line' id='line_1_41' title="bbox 0 0 1787 5320; baseline 0 0"><span class='ocrx_word' id='word_1_345' title='bbox 0 0 1787 5320; x_wconf 95' lang='lat' dir='ltr'> </span> 
     </span>
    </p>
   </div>
  </div>
 </body>
</html>
