3544 5320
844 363 1022 422 ..68-

293 573 477 648 revocatur,
506 573 542 636 ut
570 572 720 655 apertum
749 568 791 635 sit
814 566 1043 645 Academicos,
1072 585 1147 636 cunr
1173 566 1214 632 de
1239 565 1389 650 sapiente
1413 565 1515 649 agant
1537 563 1578 628 in

295 676 590 763 disputationibus,
626 677 831 762 proclamare
867 677 900 740 et
931 692 1006 740 esse
1042 674 1208 756 quendam
1244 672 1428 758 sapientem
1462 687 1582 752 neque

294 787 408 850 tamen
444 801 520 849 eum
559 782 721 849 assentiri.
769 780 873 863 Quod
905 798 1006 862 quam
1038 779 1218 847 absurdum
1243 779 1295 858 sit,
1319 778 1465 862 quadam
1490 777 1577 844 inter

295 889 481 975 sapientem
517 893 549 957 et
576 889 773 974 sapientiam
803 887 871 955 rixa
905 889 1114 966 monstratur,
1150 887 1202 954 cui
1226 886 1281 952 ille
1305 885 1456 952 assentiri
1480 884 1580 950 nolit.

296 995 356 1065 Sin
384 996 563 1064 contuleris
591 997 693 1062 verba
715 993 910 1080 Augustini:
942 993 1041 1078 ,quid
1066 992 1156 1060 aliud
1180 992 1259 1058 dicit
1283 992 1447 1076 sapientia
1472 1008 1574 1075 quam

296 1121 332 1169 se
358 1121 433 1170 esse
458 1102 678 1186 sapientiam
705 1119 781 1168 cum
806 1101 859 1166 bis
882 1099 939 1167 Ac.
957 1099 1054 1166 1124:
1082 1100 1174 1186 ,lpsa
1197 1116 1276 1165 vero
1299 1097 1464 1183 sapientia
1488 1096 1516 1163 si
1537 1113 1582 1162 se·

296 1208 472 1295 ignorabit,
512 1208 677 1294 sapientia
708 1196 756 1274 'sit
794 1224 912 1286 necne,
954 1206 1129 1290 quomodo
1148 1257 1154 1271 .
1173 1256 1180 1270 .
1199 1204 1412 1272 ..obtinebit
1449 1220 1576 1270 nomen

298 1317 537 1402 sapientiae?“,
567 1332 607 1381 ex
637 1315 689 1381 bis
713 1314 809 1380 lacile
837 1330 1025 1398 cognoscas
1053 1313 1141 1379 illam
1170 1312 1332 1379 rationem
1355 1310 1582 1378 Academicos

296 1422 518 1508 oppugnandi
541 1422 635 1501 tonti,
659 1405 727 1504 quo
750 1419 866 1487 Cicero
890 1438 950 1505 pro
971 1419 1097 1486 Luculli
1121 1419 1270 1505 partibus
1295 1435 1375 1485 usus
1399 1420 1459 1496 est,
1484 1415 1575 1483 haud

296 1530 448 1614 ignotam
484 1529 598 1596 tuisse.
656 1527 777 1611 Neque
810 1530 922 1593 tamen
957 1526 1001 1592 ita
1036 1526 1210 1610 probabile
1245 1528 1295 1592 est
1326 1543 1375 1604 ea,
1413 1541 1501 1608 quae
1532 1525 1576 1590 ab

296 1635 487 1721 Augustino
512 1634 688 1720 perspicue
711 1637 814 1718 atque
836 1633 975 1718 copiose
999 1635 1077 1699 sunt
1100 1633 1286 1718 explanata,
1311 1634 1423 1698 exorta
1444 1647 1518 1698 esse
1535 1647 1584 1696 err

296 1746 364 1809 tam
398 1742 507 1827 parcis
535 1741 662 1809 Luculli
696 1739 1020 1807 adumbrationibus.
1067 1738 1199 1806 Deinde
1227 1739 1261 1804 in
1290 1740 1311 1822 ς
1334 1737 1377 1804 32
1401 1737 1443 1804 de
1467 1755 1577 1804 errore

298 1848 464 1933 quaedam
505 1845 773 1934 adiunguntur1).
833 1845 986 1928 Quorum
1026 1863 1232 1931 quamquam
1275 1845 1358 1911 nihil
1398 1844 1505 1910 simile
1540 1843 1575 1909 in

297 1955 505 2022 Academicis
527 1972 617 2022 nunc
644 1953 793 2032 occurrit,
823 1956 856 2020 al
876 1955 963 2020 certe
974 1953 1116 2033 illorum,
1133 1969 1221 2037 quae
1237 1954 1421 2035 sequuntur
1437 1950 1471 2016 in
1487 1949 1582 2034 §33.

296 2061 445 2129 Maxime
468 2060 623 2147 redargui
652 2059 873 2128 Academicos
908 2077 960 2139 e0,
996 2059 1089 2145 quod
1122 2077 1191 2127 non
1220 2057 1436 2126 assentiendo
1465 2057 1584 2124 omnis-

297 2168 364 2235 vita
387 2167 624 2253 exstinguatur,
649 2165 857 2253 Augustinus
886 2169 994 2251 putat:
1023 2165 1158 2242 „laciam
1184 2165 1284 2252 igitur
1311 2165 1434 2249 quibus
1450 2163 1579 2230 viribus

298 2292 517 2362 possum...
537 2326 543 2341 .
560 2273 804 2340 validissimum
826 2274 940 2339 telum.
979 2271 1047 2354 Qui
1069 2272 1151 2338 nihil
1172 2272 1347 2358 approbat,
1370 2270 1453 2337 nihil
1473 2270 1581 2356 agiu..

299 2380 510 2463 Quibuscum
534 2381 745 2448 conterantur
766 2378 823 2447 Ac.
848 2378 938 2446 1138
962 2396 1012 2462 sq.
1037 2380 1134 2446 haec:
1166 2382 1219 2456 „at
1241 2396 1321 2445 vero
1341 2378 1474 2445 animus
1491 2394 1584 2461 quo·-

299 2487 375 2555 dam
390 2487 493 2554 modo
507 2487 641 2573 eripitur
653 2487 703 2568 iis,
720 2504 807 2568 quos
819 2503 930 2570 neque
944 2485 1065 2552 sentire
1077 2503 1188 2570 neque
1206 2484 1364 2552 adsentiri
1383 2484 1524 2551 volunt.
1541 2536 1549 2552 .
1568 2534 1583 2568 e

300 2593 413 2676 Quare
437 2594 494 2676 qui
513 2643 520 2658 .
539 2645 546 2660 .
565 2644 572 2660 .
589 2592 772 2660 adsensum
796 2592 890 2672 tollit,
921 2593 949 2658 is
977 2608 1113 2667 omnem
1138 2591 1303 2659 actionem
1327 2591 1412 2658 tollit
1436 2609 1454 2658 e
1475 2591 1578 2657 vita“.

387 2699 472 2767 Tum
505 2702 527 2783 ᾗ
550 2700 592 2766 34
623 2700 740 2766 iterum
768 2698 899 2765 maiora¹
923 2698 1087 2782 quaedam
1117 2698 1285 2765 adduntur
1308 2699 1351 2765 ab
1374 2696 1586 2783 Augustino,

300 2826 442 2894 quorum
466 2807 608 2893 vestigia
631 2805 722 2872 nulla
746 2805 952 2890 reperiuntur
982 2804 1073 2890 apud
1101 2803 1307 2872 Ciceronem.
1346 2804 1444 2871 Error
1473 2804 1578 2890 longe

298 2917 461 2993 tractatur,
474 2931 575 2996 quem
591 2912 791 2993 Academici,
809 2929 1013 2996 quamquam
1036 2912 1201 2996 probabili
1218 2911 1354 2978 inducto
1370 2931 1389 2978 a
1405 2929 1442 2978 se
1463 2911 1580 2977 evitari

300 3021 499 3100 existimant,
534 3021 586 3087 vel
622 3019 767 3086 maxime
802 3019 932 3086 irruant.
984 3015 1080 3095 ,Non
1116 3019 1204 3084 enim
1238 3019 1367 3085 solum“
1400 3018 1455 3085 ille
1483 3020 1580 3102 putat

303 3145 399 3206 „eum
425 3145 539 3205 errare,
565 3126 622 3210 qui
646 3126 763 3192 falsam
787 3125 875 3192 viam
900 3125 1058 3208 sequitur,
1083 3124 1142 3191 sed
1160 3125 1259 3190 etiam
1277 3142 1365 3205 eum,
1389 3124 1446 3207 qui
1463 3141 1584 3190 veram.

301 3252 370 3300 non
394 3233 574 3316 sequitur“.
613 3232 715 3315 Quod
733 3232 945 3298 ornatissime
967 3234 1043 3298 ante
1060 3231 1178 3298 oculos
1201 3231 1398 3316 proponitur
1421 3231 1583 3316 exemplo-

281 3345 284 3352 '
301 3340 446 3406 duorum
468 3340 632 3406 viatorum
650 3339 737 3405 idem
755 3338 976 3424 spectantium
994 3340 1134 3417 narrato,
1159 3336 1201 3405 ad
1218 3337 1310 3422 quod
1327 3338 1406 3404 alter
1422 3338 1579 3422 quamvis

301 3449 424 3513 temere
440 3446 654 3513 consentiens
670 3462 781 3529 neque
796 3448 909 3511 tamen
924 3443 962 3525 is,
979 3444 1037 3528 qui
1054 3461 1229 3511 assensum
1247 3444 1392 3511 retinens
1404 3445 1583 3528 probabile

302 3556 438 3619 secutus
462 3555 521 3632 est,
546 3551 705 3636 pervenit.
1581 3623 1583 3628 ,

392 3658 503 3741 Quam
527 3677 606 3726 vero
623 3675 815 3744 perversum
831 3655 1106 3723 Academicorum
1124 3656 1292 3724 decretum
1310 3657 1352 3725 de
1369 3657 1583 3725 assensionis

301 3766 486 3833 retentione
509 3765 560 3844 sit,
589 3765 753 3849 imprimis
776 3765 810 3829 in
834 3762 1050 3848 philosophia
1074 3764 1191 3830 morali
1216 3764 1477 3850 intellegendum
1502 3781 1585 3831 esse·

301 3874 344 3956 §§
359 3870 402 3939 35
420 3889 470 3956 sq.
495 3872 748 3939 demonstratur.
786 3867 921 3936 Illorum
938 3870 1028 3935 eninr
1045 3870 1223 3936 sententia:
1251 3869 1381 3956 „Turpe
1395 3873 1446 3938 est
1461 3888 1581 3950 enare,

302 3982 333 4046 et
356 3978 434 4045 ideo
457 3977 538 4045 nulli
555 3978 601 4046 rei
623 3975 812 4044 consentire
837 3975 1015 4042 debemus:
1040 3976 1098 4043 sed
1115 3979 1227 4043 tamen
1245 3994 1321 4043 cum
1338 3977 1408 4062 agit
1423 3977 1583 4061 quisque,

302 4085 395 4170 quod
427 4085 458 4152 ei
492 4083 621 4151 videtur
655 4082 839 4169 probabile,
875 4101 937 4149 nec
965 4086 1080 4168 peccat
1107 4101 1169 4149 nec
1198 4086 1297 4150 errat‘
1326 4083 1367 4150 ad
1396 4083 1582 4151 absurdum

302 4191 484 4272 deducitur,
520 4209 596 4258 cum
630 4191 775 4276 primum
809 4191 923 4256 contra
958 4189 1110 4255 alteratur
1142 4208 1212 4256 non
1244 4207 1379 4256 omnem
1416 4193 1578 4257 errantem

301 4316 448 4385 peccare,
477 4316 613 4366 omnem
643 4300 754 4364 autem
783 4299 977 4381 peccantem
1006 4314 1145 4382 prorsus
1173 4315 1289 4378 errare,
1313 4297 1454 4364 tortasse
1478 4297 1579 4363 etiam

392 4493 416 4560 ¹)
435 4508 457 4548 c.
471 4492 518 4548 Ac.
531 4493 563 4547 lll
576 4492 624 4549 32:
647 4491 705 4558 ,An
724 4491 760 4546 de
779 4491 827 4546 lllo
846 4504 934 4545 errore
952 4489 1054 4558 aliquid
1074 4493 1237 4559 quaerimus,
1257 4505 1339 4562 quem
1357 4491 1450 4545 dicunt
1469 4492 1586 4560 penitus*

300 4583 403 4647 evitari,
422 4584 444 4636 si
463 4584 490 4636 in
509 4582 609 4636 nullam
629 4596 686 4636 rem
705 4583 824 4636 animum
843 4578 961 4634 declinet
979 4579 1122 4634 assensio?
1159 4580 1234 4635 Errat
1252 4583 1333 4646 enlm,
1352 4581 1486 4650 inquiunt
1506 4581 1585 4648 quis·-

301 4673 364 4742 quis
381 4685 437 4726 non
455 4671 546 4726 solum
564 4686 621 4725 rem
640 4670 744 4734 ialsam,
763 4669 813 4724 sed
832 4671 913 4723 etiam
927 4667 1047 4734 dubiam,
1066 4673 1191 4738 quamvis
1210 4684 1273 4724 vera
1287 4671 1329 4734 sit,
1349 4669 1493 4738 approbat:
1513 4668 1585 4722 nihil

298 4762 401 4826 autem,
421 4760 495 4830 quod
514 4760 627 4815 dubium
646 4774 701 4814 non
721 4759 764 4825 sit,
783 4759 922 4812 invenio‘.
