<?xml version="1.0" encoding="UTF-8"?>
<!DOCTYPE html PUBLIC "-//W3C//DTD XHTML 1.0 Transitional//EN"
    "http://www.w3.org/TR/xhtml1/DTD/xhtml1-transitional.dtd">
<html xmlns="http://www.w3.org/1999/xhtml" xml:lang="en" lang="en">
 <head>
  <title>
</title>
<meta http-equiv="Content-Type" content="text/html;charset=utf-8" />
  <meta name='ocr-system' content='tesseract 3.04.00' />
  <meta name='ocr-capabilities' content='ocr_page ocr_carea ocr_par ocr_line ocrx_word'/>
</head>
<body>
  <div class='ocr_page' id='page_1' title='image "./deaugustinicont00drewgoog_0048.png"; bbox 0 0 3544 5320; ppageno 0'>
   <div class='ocr_carea' id='block_1_1' title="bbox 733 394 911 454">
    <p class='ocr_par' dir='ltr' id='par_1_1' title="bbox 733 394 911 454">
     <span class='ocr_line' id='line_1_1' title="bbox 733 394 911 454; baseline 0 -16"><span class='ocrx_word' id='word_1_1' title='bbox 733 394 911 454; x_wconf 69' lang='lat'>...45-</span> 
     </span>
    </p>
   </div>
   <div class='ocr_carea' id='block_1_2' title="bbox 184 598 1470 2073">
    <p class='ocr_par' dir='ltr' id='par_1_2' title="bbox 184 598 1470 2073">
     <span class='ocr_line' id='line_1_2' title="bbox 184 598 1467 686; baseline -0.002 -19"><span class='ocrx_word' id='word_1_2' title='bbox 184 599 334 668; x_wconf 89' lang='lat' dir='ltr'>intentio.</span> <span class='ocrx_word' id='word_1_3' title='bbox 374 600 547 686; x_wconf 89' lang='lat' dir='ltr'>Prospicio</span> <span class='ocrx_word' id='word_1_4' title='bbox 570 601 660 668; x_wconf 91' lang='lat' dir='ltr'>enim</span> <span class='ocrx_word' id='word_1_5' title='bbox 682 598 795 668; x_wconf 90' lang='lat' dir='ltr'>delen·</span> <span class='ocrx_word' id='word_1_6' title='bbox 852 599 932 666; x_wconf 93' lang='lat' dir='ltr'>illud</span> <span class='ocrx_word' id='word_1_7' title='bbox 956 603 1007 668; x_wconf 89' lang='lat' dir='ltr'>est</span> <span class='ocrx_word' id='word_1_8' title='bbox 1029 603 1144 668; x_wconf 90' lang='lat' dir='ltr'>natum</span> <span class='ocrx_word' id='word_1_9' title='bbox 1161 600 1253 686; x_wconf 92' lang='lat' dir='ltr'>quod</span> <span class='ocrx_word' id='word_1_10' title='bbox 1271 599 1467 685; x_wconf 87' lang='lat' dir='ltr'>postulabat</span> 
     </span>
     <span class='ocr_line' id='line_1_3' title="bbox 185 705 1461 794; baseline -0.002 -19"><span class='ocrx_word' id='word_1_11' title='bbox 185 706 293 776; x_wconf 89' lang='lat' dir='ltr'>sionis</span> <span class='ocrx_word' id='word_1_12' title='bbox 316 707 367 775; x_wconf 91' lang='lat' dir='ltr'>eis</span> <span class='ocrx_word' id='word_1_13' title='bbox 390 707 501 776; x_wconf 88' lang='lat' dir='ltr'>locum</span> <span class='ocrx_word' id='word_1_14' title='bbox 520 723 595 776; x_wconf 93' lang='lat' dir='ltr'>non</span> <span class='ocrx_word' id='word_1_15' title='bbox 619 706 795 774; x_wconf 91' lang='lat' dir='ltr'>minimum</span> <span class='ocrx_word' id='word_1_16' title='bbox 851 705 1092 789; x_wconf 55' lang='lat' dir='ltr'>Hortensium),</span> <span class='ocrx_word' id='word_1_17' title='bbox 1113 710 1149 773; x_wconf 92' lang='lat' dir='ltr'>ut</span> <span class='ocrx_word' id='word_1_18' title='bbox 1164 707 1198 775; x_wconf 92' lang='lat' dir='ltr'>id</span> <span class='ocrx_word' id='word_1_19' title='bbox 1215 707 1327 794; x_wconf 87' lang='lat' dir='ltr'>ipsum</span> <span class='ocrx_word' id='word_1_20' title='bbox 1344 707 1461 774; x_wconf 85' lang='lat' dir='ltr'>saltem</span> 
     </span>
     <span class='ocr_line' id='line_1_4' title="bbox 184 812 1468 900; baseline -0.002 -20"><span class='ocrx_word' id='word_1_21' title='bbox 184 817 386 882; x_wconf 87' lang='lat' dir='ltr'>reservatum</span> <span class='ocrx_word' id='word_1_22' title='bbox 403 864 526 893; x_wconf 92' lang='grc'><strong>......</strong></span> <span class='ocrx_word' id='word_1_23' title='bbox 551 831 626 881; x_wconf 92' lang='lat' dir='ltr'>cum</span> <span class='ocrx_word' id='word_1_24' title='bbox 644 815 709 880; x_wconf 85' lang='lat' dir='ltr'>troc</span> <span class='ocrx_word' id='word_1_25' title='bbox 721 814 797 899; x_wconf 90' lang='lat' dir='ltr'>ipso</span> <span class='ocrx_word' id='word_1_26' title='bbox 852 815 1044 900; x_wconf 85' lang='lat' dir='ltr'>perceptum</span> <span class='ocrx_word' id='word_1_27' title='bbox 1080 832 1099 880; x_wconf 90' lang='lat' dir='ltr'>a</span> <span class='ocrx_word' id='word_1_28' title='bbox 1130 813 1282 898; x_wconf 77' lang='lat' dir='ltr'>sapiente</span> <span class='ocrx_word' id='word_1_29' title='bbox 1310 812 1468 880; x_wconf 85' lang='lat' dir='ltr'>diceretis</span> 
     </span>
     <span class='ocr_line' id='line_1_5' title="bbox 184 917 1466 1006; baseline -0.002 -19"><span class='ocrx_word' id='word_1_30' title='bbox 184 937 307 988; x_wconf 90' lang='lat' dir='ltr'>causae</span> <span class='ocrx_word' id='word_1_31' title='bbox 329 938 412 988; x_wconf 89' lang='lat' dir='ltr'>suae</span> <span class='ocrx_word' id='word_1_32' title='bbox 432 920 553 988; x_wconf 84' lang='lat' dir='ltr'>deesse</span> <span class='ocrx_word' id='word_1_33' title='bbox 569 939 639 988; x_wconf 93' lang='lat' dir='ltr'>non</span> <span class='ocrx_word' id='word_1_34' title='bbox 656 919 796 1006; x_wconf 83' lang='lat' dir='ltr'>possint,</span> <span class='ocrx_word' id='word_1_35' title='bbox 823 917 826 1006; x_wconf 79' lang='lat' dir='ltr'>l</span> <span class='ocrx_word' id='word_1_36' title='bbox 852 919 935 986; x_wconf 87' lang='lat' dir='ltr'>nihil</span> <span class='ocrx_word' id='word_1_37' title='bbox 965 935 1070 1005; x_wconf 89' lang='lat' dir='ltr'>posse</span> <span class='ocrx_word' id='word_1_38' title='bbox 1096 919 1232 1005; x_wconf 82' lang='lat' dir='ltr'>percipi.</span> <span class='ocrx_word' id='word_1_39' title='bbox 1279 918 1351 987; x_wconf 89' lang='lat' dir='ltr'>Sed·</span> <span class='ocrx_word' id='word_1_40' title='bbox 1369 917 1466 986; x_wconf 80' lang='lat' dir='ltr'>Anti·¹</span> 
     </span>
     <span class='ocr_line' id='line_1_6' title="bbox 185 1025 1470 1114; baseline 0.001 -21"><span class='ocrx_word' id='word_1_41' title='bbox 185 1045 254 1112; x_wconf 92' lang='lat' dir='ltr'>quo</span> <span class='ocrx_word' id='word_1_42' title='bbox 289 1027 462 1095; x_wconf 90' lang='lat' dir='ltr'>convictos</span> <span class='ocrx_word' id='word_1_43' title='bbox 499 1029 607 1112; x_wconf 83' lang='lat' dir='ltr'>putas.</span> <span class='ocrx_word' id='word_1_44' title='bbox 676 1026 798 1095; x_wconf 88' lang='lat' dir='ltr'>Dicent</span> <span class='ocrx_word' id='word_1_45' title='bbox 852 1028 946 1111; x_wconf 86' lang='lat' dir='ltr'>patro</span> <span class='ocrx_word' id='word_1_46' title='bbox 975 1027 1041 1094; x_wconf 91' lang='lat' dir='ltr'>hoc</span> <span class='ocrx_word' id='word_1_47' title='bbox 1060 1025 1150 1093; x_wconf 89' lang='lat' dir='ltr'>idem</span> <span class='ocrx_word' id='word_1_48' title='bbox 1171 1026 1365 1114; x_wconf 83' lang='lat' dir='ltr'>postulanti,</span> <span class='ocrx_word' id='word_1_49' title='bbox 1383 1043 1470 1094; x_wconf 85' lang='lat' dir='ltr'>cunr</span> 
     </span>
     <span class='ocr_line' id='line_1_7' title="bbox 186 1131 1462 1220; baseline 0 -20"><span class='ocrx_word' id='word_1_50' title='bbox 186 1133 277 1200; x_wconf 92' lang='lat' dir='ltr'>enim</span> <span class='ocrx_word' id='word_1_51' title='bbox 304 1133 522 1220; x_wconf 88' lang='lat' dir='ltr'>usqueadeo</span> <span class='ocrx_word' id='word_1_52' title='bbox 547 1132 797 1219; x_wconf 89' lang='lat' dir='ltr'>nihilcompre·</span> <span class='ocrx_word' id='word_1_53' title='bbox 852 1132 975 1202; x_wconf 89' lang='lat' dir='ltr'>diceret</span> <span class='ocrx_word' id='word_1_54' title='bbox 998 1133 1039 1212; x_wconf 90' lang='lat' dir='ltr'>ei,</span> <span class='ocrx_word' id='word_1_55' title='bbox 1069 1132 1126 1219; x_wconf 92' lang='lat' dir='ltr'>qui</span> <span class='ocrx_word' id='word_1_56' title='bbox 1155 1131 1345 1201; x_wconf 86' lang='lat' dir='ltr'>adlinnaret</span> <span class='ocrx_word' id='word_1_57' title='bbox 1378 1131 1462 1200; x_wconf 90' lang='lat' dir='ltr'>nihil</span> 
     </span>
     <span class='ocr_line' id='line_1_8' title="bbox 185 1238 1465 1326; baseline 0 -20"><span class='ocrx_word' id='word_1_58' title='bbox 185 1240 287 1308; x_wconf 88' lang='lat' dir='ltr'>bendi</span> <span class='ocrx_word' id='word_1_59' title='bbox 315 1240 466 1326; x_wconf 88' lang='lat' dir='ltr'>nullique</span> <span class='ocrx_word' id='word_1_60' title='bbox 495 1241 541 1308; x_wconf 93' lang='lat' dir='ltr'>rei</span> <span class='ocrx_word' id='word_1_61' title='bbox 565 1240 796 1308; x_wconf 86' lang='lat' dir='ltr'>assensionem</span> <span class='ocrx_word' id='word_1_62' title='bbox 852 1256 955 1325; x_wconf 89' lang='lat' dir='ltr'>posse</span> <span class='ocrx_word' id='word_1_63' title='bbox 977 1239 1114 1326; x_wconf 88' lang='lat' dir='ltr'>percipi,</span> <span class='ocrx_word' id='word_1_64' title='bbox 1130 1256 1234 1306; x_wconf 90' lang='lat' dir='ltr'>unum</span> <span class='ocrx_word' id='word_1_65' title='bbox 1250 1242 1363 1306; x_wconf 87' lang='lat' dir='ltr'>tameo</span> <span class='ocrx_word' id='word_1_66' title='bbox 1379 1238 1465 1306; x_wconf 93' lang='lat' dir='ltr'>illud</span> 
     </span>
     <span class='ocr_line' id='line_1_9' title="bbox 186 1346 1469 1433; baseline -0.002 -19"><span class='ocrx_word' id='word_1_67' title='bbox 186 1346 426 1433; x_wconf 87' lang='lat' dir='ltr'>praebendam,</span> <span class='ocrx_word' id='word_1_68' title='bbox 451 1351 492 1414; x_wconf 92' lang='lat' dir='ltr'>ut</span> <span class='ocrx_word' id='word_1_69' title='bbox 514 1347 634 1414; x_wconf 87' lang='lat' dir='ltr'>etiam</span> <span class='ocrx_word' id='word_1_70' title='bbox 660 1347 735 1414; x_wconf 91' lang='lat' dir='ltr'>hoc</span> <span class='ocrx_word' id='word_1_71' title='bbox 750 1346 797 1414; x_wconf 92' lang='lat' dir='ltr'>de</span> <span class='ocrx_word' id='word_1_72' title='bbox 853 1346 962 1415; x_wconf 89' lang='lat' dir='ltr'>dicere</span> <span class='ocrx_word' id='word_1_73' title='bbox 994 1346 1119 1433; x_wconf 87' lang='lat' dir='ltr'>percipi</span> <span class='ocrx_word' id='word_1_74' title='bbox 1148 1363 1260 1432; x_wconf 92' lang='lat' dir='ltr'>posse,</span> <span class='ocrx_word' id='word_1_75' title='bbox 1284 1349 1469 1413; x_wconf 80' lang='lat' dir='ltr'>consenta-</span> 
     </span>
     <span class='ocr_line' id='line_1_10' title="bbox 185 1450 1469 1540; baseline -0.002 -20"><span class='ocrx_word' id='word_1_76' title='bbox 185 1452 797 1540; x_wconf 88' lang='lat' dir='ltr'>nihilpercipiendonuncista</span> <span class='ocrx_word' id='word_1_77' title='bbox 852 1471 954 1520; x_wconf 90' lang='lat' dir='ltr'>neum</span> <span class='ocrx_word' id='word_1_78' title='bbox 1001 1471 1087 1532; x_wconf 90' lang='lat' dir='ltr'>esse,</span> <span class='ocrx_word' id='word_1_79' title='bbox 1272 1450 1469 1520; x_wconf 85' lang='lat' dir='ltr'>Carneades-</span> 
     </span>
     <span class='ocr_line' id='line_1_11' title="bbox 186 1557 1463 1644; baseline -0.003 -16"><span class='ocrx_word' id='word_1_80' title='bbox 186 1560 456 1628; x_wconf 90' lang='lat' dir='ltr'>conclusione</span> <span class='ocrx_word' id='word_1_81' title='bbox 488 1560 572 1627; x_wconf 90' lang='lat' dir='ltr'>sibi</span> <span class='ocrx_word' id='word_1_82' title='bbox 600 1563 796 1627; x_wconf 87' lang='lat' dir='ltr'>extortum</span> <span class='ocrx_word' id='word_1_83' title='bbox 852 1559 1009 1627; x_wconf 91' lang='lat' dir='ltr'>acutius</span> <span class='ocrx_word' id='word_1_84' title='bbox 1055 1559 1230 1628; x_wconf 87' lang='lat' dir='ltr'>resistebat</span> <span class='ocrx_word' id='word_1_85' title='bbox 1406 1557 1463 1644; x_wconf 90' lang='lat' dir='ltr'>qui</span> 
     </span>
     <span class='ocr_line' id='line_1_12' title="bbox 185 1665 1467 1753; baseline 0 -19"><span class='ocrx_word' id='word_1_86' title='bbox 185 1667 236 1734; x_wconf 88' lang='lat' dir='ltr'>sit</span> <span class='ocrx_word' id='word_1_87' title='bbox 257 1717 368 1734; x_wconf 93' lang='grc'><strong>.....</strong></span> <span class='ocrx_word' id='word_1_88' title='bbox 393 1666 492 1734; x_wconf 87' lang='lat' dir='ltr'>Forte</span> <span class='ocrx_word' id='word_1_89' title='bbox 508 1667 597 1734; x_wconf 90' lang='lat' dir='ltr'>enim</span> <span class='ocrx_word' id='word_1_90' title='bbox 614 1667 797 1753; x_wconf 89' lang='lat' dir='ltr'>aliquando</span> <span class='ocrx_word' id='word_1_91' title='bbox 852 1666 1274 1752; x_wconf 86' lang='lat' dir='ltr'>enimnegaretquicquam</span> <span class='ocrx_word' id='word_1_92' title='bbox 1283 1665 1467 1750; x_wconf 87' lang='lat' dir='ltr'>essequod</span> 
     </span>
     <span class='ocr_line' id='line_1_13' title="bbox 187 1771 1467 1859; baseline -0.002 -19"><span class='ocrx_word' id='word_1_93' title='bbox 187 1777 299 1840; x_wconf 90' lang='lat' dir='ltr'>contra</span> <span class='ocrx_word' id='word_1_94' title='bbox 324 1774 389 1841; x_wconf 88' lang='lat' dir='ltr'>boc</span> <span class='ocrx_word' id='word_1_95' title='bbox 412 1790 550 1859; x_wconf 88' lang='lat' dir='ltr'>quoque</span> <span class='ocrx_word' id='word_1_96' title='bbox 574 1773 728 1841; x_wconf 90' lang='lat' dir='ltr'>nonnihil</span> <span class='ocrx_word' id='word_1_97' title='bbox 746 1774 797 1841; x_wconf 90' lang='lat' dir='ltr'>vel</span> <span class='ocrx_word' id='word_1_98' title='bbox 852 1773 1084 1858; x_wconf 89' lang='lat' dir='ltr'>perciperetur,</span> <span class='ocrx_word' id='word_1_99' title='bbox 1101 1789 1179 1840; x_wconf 91' lang='lat' dir='ltr'>eum</span> <span class='ocrx_word' id='word_1_100' title='bbox 1195 1772 1278 1839; x_wconf 91' lang='lat' dir='ltr'>nihil</span> <span class='ocrx_word' id='word_1_101' title='bbox 1294 1771 1467 1857; x_wconf 83' lang='lat' dir='ltr'>excipere;</span> 
     </span>
     <span class='ocr_line' id='line_1_14' title="bbox 186 1878 1465 1966; baseline -0.002 -19"><span class='ocrx_word' id='word_1_102' title='bbox 186 1898 254 1947; x_wconf 89' lang='lat' dir='ltr'>ase</span> <span class='ocrx_word' id='word_1_103' title='bbox 266 1880 350 1948; x_wconf 92' lang='lat' dir='ltr'>vela</span> <span class='ocrx_word' id='word_1_104' title='bbox 365 1880 525 1966; x_wconf 89' lang='lat' dir='ltr'>quopiam</span> <span class='ocrx_word' id='word_1_105' title='bbox 539 1880 671 1966; x_wconf 90' lang='lat' dir='ltr'>reperiri</span> <span class='ocrx_word' id='word_1_106' title='bbox 685 1897 797 1966; x_wconf 90' lang='lat' dir='ltr'>posse,</span> <span class='ocrx_word' id='word_1_107' title='bbox 853 1881 906 1948; x_wconf 88' lang='lat' dir='ltr'>ita</span> <span class='ocrx_word' id='word_1_108' title='bbox 922 1896 1090 1947; x_wconf 89' lang='lat' dir='ltr'>necesse</span> <span class='ocrx_word' id='word_1_109' title='bbox 1106 1896 1194 1946; x_wconf 90' lang='lat' dir='ltr'>esse</span> <span class='ocrx_word' id='word_1_110' title='bbox 1211 1896 1258 1946; x_wconf 91' lang='lat' dir='ltr'>ne</span> <span class='ocrx_word' id='word_1_111' title='bbox 1275 1878 1312 1945; x_wconf 95' lang='lat' dir='ltr'>id</span> <span class='ocrx_word' id='word_1_112' title='bbox 1331 1879 1465 1962; x_wconf 92' lang='lat' dir='ltr'>ipsum</span> 
     </span>
     <span class='ocr_line' id='line_1_15' title="bbox 187 1984 1464 2073; baseline 0 -21"><span class='ocrx_word' id='word_1_113' title='bbox 187 1986 281 2072; x_wconf 91' lang='lat' dir='ltr'>quod</span> <span class='ocrx_word' id='word_1_114' title='bbox 304 1989 418 2054; x_wconf 86' lang='lat' dir='ltr'>acute</span> <span class='ocrx_word' id='word_1_115' title='bbox 442 1986 724 2073; x_wconf 85' lang='lat' dir='ltr'>probabiliterque</span> <span class='ocrx_word' id='word_1_116' title='bbox 749 1986 797 2053; x_wconf 91' lang='lat' dir='ltr'>di·</span> <span class='ocrx_word' id='word_1_117' title='bbox 853 1987 1025 2073; x_wconf 91' lang='lat' dir='ltr'>quidem,</span> <span class='ocrx_word' id='word_1_118' title='bbox 1087 1984 1192 2070; x_wconf 93' lang='lat' dir='ltr'>quod</span> <span class='ocrx_word' id='word_1_119' title='bbox 1256 1989 1464 2073; x_wconf 88' lang='lat' dir='ltr'>exceptum</span> 
     </span>
    </p>
   </div>
   <div class='ocr_carea' id='block_1_3' title="bbox 187 2091 1470 2612">
    <p class='ocr_par' dir='ltr' id='par_1_3' title="bbox 187 2091 1470 2612">
     <span class='ocr_line' id='line_1_16' title="bbox 187 2091 1469 2178; baseline -0.002 -18"><span class='ocrx_word' id='word_1_120' title='bbox 187 2096 287 2160; x_wconf 86' lang='lat' dir='ltr'>catur.</span> <span class='ocrx_word' id='word_1_121' title='bbox 324 2093 393 2175; x_wconf 78' lang='lat'>(12)</span> <span class='ocrx_word' id='word_1_122' title='bbox 426 2091 529 2177; x_wconf 83' lang='lat' dir='ltr'>Aug:</span> <span class='ocrx_word' id='word_1_123' title='bbox 563 2092 682 2161; x_wconf 91' lang='lat' dir='ltr'>Videte</span> <span class='ocrx_word' id='word_1_124' title='bbox 685 2143 797 2172; x_wconf 89' lang='grc'><strong>.....</strong></span> <span class='ocrx_word' id='word_1_125' title='bbox 853 2110 933 2161; x_wconf 94' lang='lat' dir='ltr'>non</span> <span class='ocrx_word' id='word_1_126' title='bbox 954 2095 1073 2172; x_wconf 90' lang='lat' dir='ltr'>esset,</span> <span class='ocrx_word' id='word_1_127' title='bbox 1093 2091 1326 2178; x_wconf 90' lang='lat' dir='ltr'>comprendi</span> <span class='ocrx_word' id='word_1_128' title='bbox 1349 2141 1382 2158; x_wconf 92' lang='lat'>..</span> <span class='ocrx_word' id='word_1_129' title='bbox 1407 2093 1469 2158; x_wconf 70' lang='lat' dir='ltr'>ul⁷</span> 
     </span>
     <span class='ocr_line' id='line_1_17' title="bbox 188 2197 1470 2286; baseline -0.002 -19"><span class='ocrx_word' id='word_1_130' title='bbox 188 2200 278 2267; x_wconf 89' lang='lat' dir='ltr'>bona</span> <span class='ocrx_word' id='word_1_131' title='bbox 307 2199 389 2267; x_wconf 90' lang='lat' dir='ltr'>mibi</span> <span class='ocrx_word' id='word_1_132' title='bbox 413 2202 495 2284; x_wconf 89' lang='lat' dir='ltr'>quot</span> <span class='ocrx_word' id='word_1_133' title='bbox 519 2203 550 2267; x_wconf 91' lang='lat' dir='ltr'>et</span> <span class='ocrx_word' id='word_1_134' title='bbox 573 2204 699 2286; x_wconf 91' lang='lat' dir='ltr'>quanta</span> <span class='ocrx_word' id='word_1_135' title='bbox 723 2218 797 2285; x_wconf 91' lang='lat' dir='ltr'>pro·</span> <span class='ocrx_word' id='word_1_136' title='bbox 854 2200 892 2267; x_wconf 94' lang='lat' dir='ltr'>lo</span> <span class='ocrx_word' id='word_1_137' title='bbox 910 2199 1031 2267; x_wconf 91' lang='lat' dir='ltr'>modo</span> <span class='ocrx_word' id='word_1_138' title='bbox 1047 2217 1181 2285; x_wconf 92' lang='lat' dir='ltr'>posse.</span> <span class='ocrx_word' id='word_1_139' title='bbox 1198 2198 1267 2286; x_wconf 82' lang='lat'><strong>(29)</strong></span> <span class='ocrx_word' id='word_1_140' title='bbox 1280 2197 1470 2266; x_wconf 88' lang='lat' dir='ltr'>Antiochus</span> 
     </span>
     <span class='ocr_line' id='line_1_18' title="bbox 187 2304 1470 2393; baseline 0 -21"><span class='ocrx_word' id='word_1_141' title='bbox 187 2306 347 2374; x_wconf 91' lang='lat' dir='ltr'>venerint.</span> <span class='ocrx_word' id='word_1_142' title='bbox 411 2304 558 2374; x_wconf 90' lang='lat' dir='ltr'>Primum</span> <span class='ocrx_word' id='word_1_143' title='bbox 602 2309 662 2387; x_wconf 89' lang='lat' dir='ltr'>est,</span> <span class='ocrx_word' id='word_1_144' title='bbox 705 2307 799 2393; x_wconf 92' lang='lat' dir='ltr'>quod</span> <span class='ocrx_word' id='word_1_145' title='bbox 854 2304 896 2373; x_wconf 92' lang='lat' dir='ltr'>ad</span> <span class='ocrx_word' id='word_1_146' title='bbox 929 2306 1030 2374; x_wconf 88' lang='lat' dir='ltr'>istum</span> <span class='ocrx_word' id='word_1_147' title='bbox 1058 2306 1170 2374; x_wconf 91' lang='lat' dir='ltr'>locum</span> <span class='ocrx_word' id='word_1_148' title='bbox 1199 2305 1347 2392; x_wconf 90' lang='lat' dir='ltr'>pressius</span> <span class='ocrx_word' id='word_1_149' title='bbox 1374 2304 1470 2372; x_wconf 80' lang='lat' dir='ltr'>vide·</span> 
     </span>
     <span class='ocr_line' id='line_1_19' title="bbox 187 2410 1464 2498; baseline 0.001 -19"><span class='ocrx_word' id='word_1_150' title='bbox 187 2410 377 2481; x_wconf 77' lang='lat' dir='ltr'>Academici</span> <span class='ocrx_word' id='word_1_151' title='bbox 401 2412 467 2480; x_wconf 89' lang='lat' dir='ltr'>iam</span> <span class='ocrx_word' id='word_1_152' title='bbox 493 2414 541 2480; x_wconf 93' lang='lat' dir='ltr'>sic</span> <span class='ocrx_word' id='word_1_153' title='bbox 564 2414 707 2482; x_wconf 88' lang='lat' dir='ltr'>convicti</span> <span class='ocrx_word' id='word_1_154' title='bbox 724 2432 798 2482; x_wconf 92' lang='lat' dir='ltr'>esse</span> <span class='ocrx_word' id='word_1_155' title='bbox 854 2413 951 2480; x_wconf 87' lang='lat' dir='ltr'>batur</span> <span class='ocrx_word' id='word_1_156' title='bbox 973 2411 1140 2481; x_wconf 86' lang='lat' dir='ltr'>accedere.</span> <span class='ocrx_word' id='word_1_157' title='bbox 1167 2412 1349 2498; x_wconf 88' lang='lat' dir='ltr'>quoniam</span> <span class='ocrx_word' id='word_1_158' title='bbox 1374 2412 1464 2480; x_wconf 89' lang='lat' dir='ltr'>enim</span> 
     </span>
     <span class='ocr_line' id='line_1_20' title="bbox 188 2517 1468 2612; baseline -0.002 -28"><span class='ocrx_word' id='word_1_159' title='bbox 188 2518 350 2598; x_wconf 90' lang='lat' dir='ltr'>dicuntur,</span> <span class='ocrx_word' id='word_1_160' title='bbox 384 2521 419 2587; x_wconf 90' lang='lat' dir='ltr'>ut</span> <span class='ocrx_word' id='word_1_161' title='bbox 451 2519 532 2587; x_wconf 89' lang='lat' dir='ltr'>nihil</span> <span class='ocrx_word' id='word_1_162' title='bbox 560 2521 609 2588; x_wconf 93' lang='lat' dir='ltr'>eis</span> <span class='ocrx_word' id='word_1_163' title='bbox 633 2522 733 2588; x_wconf 91' lang='lat' dir='ltr'>restet</span> <span class='ocrx_word' id='word_1_164' title='bbox 756 2521 798 2588; x_wconf 93' lang='lat' dir='ltr'>ad</span> <span class='ocrx_word' id='word_1_165' title='bbox 855 2519 891 2592; x_wconf 89' lang='lat' dir='ltr'>id</span> <span class='ocrx_word' id='word_1_166' title='bbox 914 2519 1073 2587; x_wconf 85' lang='lat' dir='ltr'>haberent</span> <span class='ocrx_word' id='word_1_167' title='bbox 1088 2517 1277 2612; x_wconf 76' lang='lat' dir='ltr'>Academici</span> <span class='ocrx_word' id='word_1_168' title='bbox 1295 2518 1468 2587; x_wconf 90' lang='lat' dir='ltr'>decretum.</span> 
     </span>
    </p>
   </div>
   <div class='ocr_carea' id='block_1_4' title="bbox 185 2623 1473 4741">
    <p class='ocr_par' dir='ltr' id='par_1_4' title="bbox 185 2623 1472 3460">
     <span class='ocr_line' id='line_1_21' title="bbox 188 2623 1465 2713; baseline 0.002 -22"><span class='ocrx_word' id='word_1_169' title='bbox 188 2623 430 2700; x_wconf 77' lang='lat' dir='ltr'>defensionem,</span> <span class='ocrx_word' id='word_1_170' title='bbox 448 2626 513 2694; x_wconf 88' lang='lat' dir='ltr'>nisi</span> <span class='ocrx_word' id='word_1_171' title='bbox 531 2627 625 2713; x_wconf 88' lang='lat' dir='ltr'>quod</span> <span class='ocrx_word' id='word_1_172' title='bbox 640 2627 712 2695; x_wconf 85' lang='lat' dir='ltr'>lieri</span> <span class='ocrx_word' id='word_1_173' title='bbox 729 2645 799 2696; x_wconf 94' lang='lat' dir='ltr'>non</span> <span class='ocrx_word' id='word_1_174' title='bbox 856 2675 864 2692; x_wconf 89' lang='lat'><strong>.</strong></span> <span class='ocrx_word' id='word_1_175' title='bbox 882 2678 889 2692; x_wconf 92' lang='lat'>.</span> <span class='ocrx_word' id='word_1_176' title='bbox 908 2677 916 2694; x_wconf 87' lang='lat'><strong>.</strong></span> <span class='ocrx_word' id='word_1_177' title='bbox 940 2624 1022 2692; x_wconf 84' lang='lat' dir='ltr'>nihil</span> <span class='ocrx_word' id='word_1_178' title='bbox 1046 2642 1150 2712; x_wconf 91' lang='lat' dir='ltr'>posse</span> <span class='ocrx_word' id='word_1_179' title='bbox 1166 2626 1302 2712; x_wconf 89' lang='lat' dir='ltr'>percipi,</span> <span class='ocrx_word' id='word_1_180' title='bbox 1319 2644 1388 2694; x_wconf 92' lang='lat' dir='ltr'>non</span> <span class='ocrx_word' id='word_1_181' title='bbox 1405 2626 1465 2694; x_wconf 89' lang='lat' dir='ltr'>de·</span> 
     </span>
     <span class='ocr_line' id='line_1_22' title="bbox 190 2731 1472 2817; baseline 0.001 -18"><span class='ocrx_word' id='word_1_182' title='bbox 190 2734 309 2817; x_wconf 90' lang='lat' dir='ltr'>potest.</span> <span class='ocrx_word' id='word_1_183' title='bbox 353 2731 439 2815; x_wconf 90' lang='lat' dir='ltr'>Quis</span> <span class='ocrx_word' id='word_1_184' title='bbox 467 2733 556 2800; x_wconf 90' lang='lat' dir='ltr'>enim</span> <span class='ocrx_word' id='word_1_185' title='bbox 582 2735 647 2802; x_wconf 88' lang='lat' dir='ltr'>boc</span> <span class='ocrx_word' id='word_1_186' title='bbox 670 2737 727 2802; x_wconf 90' lang='lat' dir='ltr'>aut</span> <span class='ocrx_word' id='word_1_187' title='bbox 750 2735 799 2802; x_wconf 93' lang='lat' dir='ltr'>in·</span> <span class='ocrx_word' id='word_1_188' title='bbox 856 2735 934 2800; x_wconf 91' lang='lat' dir='ltr'>bere</span> <span class='ocrx_word' id='word_1_189' title='bbox 968 2750 1029 2800; x_wconf 91' lang='lat' dir='ltr'>eos</span> <span class='ocrx_word' id='word_1_190' title='bbox 1063 2733 1098 2799; x_wconf 93' lang='lat' dir='ltr'>in</span> <span class='ocrx_word' id='word_1_191' title='bbox 1133 2751 1196 2800; x_wconf 91' lang='lat' dir='ltr'>suo</span> <span class='ocrx_word' id='word_1_192' title='bbox 1224 2733 1357 2800; x_wconf 92' lang='lat' dir='ltr'>decreto</span> <span class='ocrx_word' id='word_1_193' title='bbox 1380 2734 1472 2801; x_wconf 89' lang='lat' dir='ltr'>sicut.</span> 
     </span>
     <span class='ocr_line' id='line_1_23' title="bbox 187 2839 1467 2926; baseline 0.002 -22"><span class='ocrx_word' id='word_1_194' title='bbox 187 2839 345 2924; x_wconf 91' lang='lat' dir='ltr'>tellegere</span> <span class='ocrx_word' id='word_1_195' title='bbox 381 2839 450 2906; x_wconf 91' lang='lat' dir='ltr'>ullo</span> <span class='ocrx_word' id='word_1_196' title='bbox 489 2839 604 2921; x_wconf 91' lang='lat' dir='ltr'>modo,</span> <span class='ocrx_word' id='word_1_197' title='bbox 639 2845 697 2908; x_wconf 86' lang='lat' dir='ltr'>aut</span> <span class='ocrx_word' id='word_1_198' title='bbox 733 2860 800 2908; x_wconf 91' lang='lat' dir='ltr'>cre·</span> <span class='ocrx_word' id='word_1_199' title='bbox 856 2841 890 2906; x_wconf 96' lang='lat' dir='ltr'>in</span> <span class='ocrx_word' id='word_1_200' title='bbox 917 2839 1033 2924; x_wconf 89' lang='lat' dir='ltr'>ceteris</span> <span class='ocrx_word' id='word_1_201' title='bbox 1060 2840 1160 2907; x_wconf 88' lang='lat' dir='ltr'>rebus</span> <span class='ocrx_word' id='word_1_202' title='bbox 1187 2839 1347 2921; x_wconf 80' lang='lat' dir='ltr'>fluctuari,</span> <span class='ocrx_word' id='word_1_203' title='bbox 1371 2857 1467 2926; x_wconf 60' lang='lat' dir='ltr'>praev</span> 
     </span>
     <span class='ocr_line' id='line_1_24' title="bbox 185 2945 1469 3032; baseline -0.003 -15"><span class='ocrx_word' id='word_1_204' title='bbox 185 2945 265 3018; x_wconf 90' lang='lat' dir='ltr'>dere</span> <span class='ocrx_word' id='word_1_205' title='bbox 293 2946 401 3014; x_wconf 89' lang='lat' dir='ltr'>valeat</span> <span class='ocrx_word' id='word_1_206' title='bbox 429 2964 505 3013; x_wconf 90' lang='lat' dir='ltr'>eum</span> <span class='ocrx_word' id='word_1_207' title='bbox 537 2947 595 3032; x_wconf 95' lang='lat' dir='ltr'>qui</span> <span class='ocrx_word' id='word_1_208' title='bbox 617 2949 724 3015; x_wconf 89' lang='lat' dir='ltr'>victus</span> <span class='ocrx_word' id='word_1_209' title='bbox 748 2948 800 3028; x_wconf 89' lang='lat' dir='ltr'>sit,</span> <span class='ocrx_word' id='word_1_210' title='bbox 856 2946 966 3014; x_wconf 89' lang='lat' dir='ltr'>sertim</span> <span class='ocrx_word' id='word_1_211' title='bbox 995 2965 1071 3014; x_wconf 91' lang='lat' dir='ltr'>cum</span> <span class='ocrx_word' id='word_1_212' title='bbox 1099 2947 1134 3012; x_wconf 92' lang='lat' dir='ltr'>in</span> <span class='ocrx_word' id='word_1_213' title='bbox 1163 2964 1205 3013; x_wconf 92' lang='lat' dir='ltr'>eo</span> <span class='ocrx_word' id='word_1_214' title='bbox 1229 2965 1361 3016; x_wconf 88' lang='lat' dir='ltr'>summa</span> <span class='ocrx_word' id='word_1_215' title='bbox 1385 2965 1469 3014; x_wconf 67' lang='lat' dir='ltr'>con-¹</span> 
     </span>
     <span class='ocr_line' id='line_1_25' title="bbox 185 3052 1470 3138; baseline -0.002 -16"><span class='ocrx_word' id='word_1_216' title='bbox 185 3069 231 3122; x_wconf 86' lang='lat' dir='ltr'>¹eo</span> <span class='ocrx_word' id='word_1_217' title='bbox 255 3052 333 3138; x_wconf 92' lang='lat' dir='ltr'>ipso</span> <span class='ocrx_word' id='word_1_218' title='bbox 356 3071 426 3138; x_wconf 91' lang='lat' dir='ltr'>quo</span> <span class='ocrx_word' id='word_1_219' title='bbox 439 3053 547 3120; x_wconf 88' lang='lat' dir='ltr'>victus</span> <span class='ocrx_word' id='word_1_220' title='bbox 564 3056 624 3134; x_wconf 90' lang='lat' dir='ltr'>est,</span> <span class='ocrx_word' id='word_1_221' title='bbox 640 3055 813 3122; x_wconf 63' lang='lat' dir='ltr'>victorem,</span> <span class='ocrx_word' id='word_1_222' title='bbox 856 3054 986 3120; x_wconf 88' lang='lat' dir='ltr'>sisteret</span> <span class='ocrx_word' id='word_1_223' title='bbox 1009 3106 1015 3120; x_wconf 93' lang='lat'><strong>.</strong></span> <span class='ocrx_word' id='word_1_224' title='bbox 1035 3103 1042 3119; x_wconf 92' lang='lat'>.</span> <span class='ocrx_word' id='word_1_225' title='bbox 1061 3103 1094 3121; x_wconf 91' lang='lat'>..</span> <span class='ocrx_word' id='word_1_226' title='bbox 1130 3055 1195 3120; x_wconf 89' lang='lat' dir='ltr'>hoc</span> <span class='ocrx_word' id='word_1_227' title='bbox 1227 3052 1327 3138; x_wconf 91' lang='lat' dir='ltr'>igitur</span> <span class='ocrx_word' id='word_1_228' title='bbox 1360 3052 1470 3121; x_wconf 87' lang='lat' dir='ltr'>modo</span> 
     </span>
     <span class='ocr_line' id='line_1_26' title="bbox 190 3159 1469 3246; baseline 0.002 -21"><span class='ocrx_word' id='word_1_229' title='bbox 190 3176 227 3225; x_wconf 89' lang='lat' dir='ltr'>se</span> <span class='ocrx_word' id='word_1_230' title='bbox 251 3176 327 3225; x_wconf 90' lang='lat' dir='ltr'>esse</span> <span class='ocrx_word' id='word_1_231' title='bbox 349 3159 504 3244; x_wconf 85' lang='lat' dir='ltr'>gloriari?</span> <span class='ocrx_word' id='word_1_232' title='bbox 855 3160 968 3245; x_wconf 92' lang='lat' dir='ltr'>potius</span> <span class='ocrx_word' id='word_1_233' title='bbox 991 3164 1060 3227; x_wconf 87' lang='lat' dir='ltr'>erat</span> <span class='ocrx_word' id='word_1_234' title='bbox 1083 3161 1125 3227; x_wconf 88' lang='lat' dir='ltr'>ab</span> <span class='ocrx_word' id='word_1_235' title='bbox 1146 3161 1198 3228; x_wconf 91' lang='lat' dir='ltr'>his</span> <span class='ocrx_word' id='word_1_236' title='bbox 1214 3159 1469 3246; x_wconf 86' lang='lat' dir='ltr'>postulandum,</span> 
     </span>
     <span class='ocr_line' id='line_1_27' title="bbox 340 3265 1465 3353; baseline 0.003 -22"><span class='ocrx_word' id='word_1_237' title='bbox 340 3276 343 3280; x_wconf 84' lang='grc'><strong>’</strong></span> <span class='ocrx_word' id='word_1_238' title='bbox 855 3270 891 3333; x_wconf 92' lang='lat' dir='ltr'>ut</span> <span class='ocrx_word' id='word_1_239' title='bbox 926 3266 990 3333; x_wconf 91' lang='lat' dir='ltr'>hoc</span> <span class='ocrx_word' id='word_1_240' title='bbox 1024 3284 1129 3333; x_wconf 89' lang='lat' dir='ltr'>unum</span> <span class='ocrx_word' id='word_1_241' title='bbox 1170 3265 1298 3347; x_wconf 90' lang='lat' dir='ltr'>saltem,</span> <span class='ocrx_word' id='word_1_242' title='bbox 1339 3267 1465 3353; x_wconf 90' lang='lat' dir='ltr'>percipi</span> 
     </span>
     <span class='ocr_line' id='line_1_28' title="bbox 854 3372 1470 3460; baseline 0.003 -22"><span class='ocrx_word' id='word_1_243' title='bbox 854 3372 937 3439; x_wconf 92' lang='lat' dir='ltr'>nihil</span> <span class='ocrx_word' id='word_1_244' title='bbox 961 3390 1073 3458; x_wconf 90' lang='lat' dir='ltr'>posse,</span> <span class='ocrx_word' id='word_1_245' title='bbox 1103 3375 1297 3460; x_wconf 87' lang='lat' dir='ltr'>perceptum</span> <span class='ocrx_word' id='word_1_246' title='bbox 1318 3391 1395 3442; x_wconf 92' lang='lat' dir='ltr'>esse</span> <span class='ocrx_word' id='word_1_247' title='bbox 1418 3375 1470 3440; x_wconf 81' lang='lat' dir='ltr'>di-</span> 
     </span>
    </p>

    <p class='ocr_par' dir='ltr' id='par_1_5' title="bbox 855 3481 975 3547">
     <span class='ocr_line' id='line_1_29' title="bbox 855 3481 975 3547; baseline -0.017 0"><span class='ocrx_word' id='word_1_248' title='bbox 855 3481 975 3547; x_wconf 90' lang='lat' dir='ltr'>cerent.</span> 
     </span>
    </p>

    <p class='ocr_par' dir='ltr' id='par_1_6' title="bbox 189 3584 1473 4741">
     <span class='ocr_line' id='line_1_30' title="bbox 280 3584 1469 3673; baseline 0 -20"><span class='ocrx_word' id='word_1_249' title='bbox 280 3584 366 3653; x_wconf 91' lang='lat' dir='ltr'>Cum</span> <span class='ocrx_word' id='word_1_250' title='bbox 392 3585 473 3654; x_wconf 91' lang='lat' dir='ltr'>ratio</span> <span class='ocrx_word' id='word_1_251' title='bbox 497 3586 717 3654; x_wconf 90' lang='lat' dir='ltr'>Academicos</span> <span class='ocrx_word' id='word_1_252' title='bbox 741 3586 963 3672; x_wconf 88' lang='lat' dir='ltr'>oppugnandi</span> <span class='ocrx_word' id='word_1_253' title='bbox 986 3587 1029 3654; x_wconf 91' lang='lat' dir='ltr'>ab</span> <span class='ocrx_word' id='word_1_254' title='bbox 1044 3586 1235 3673; x_wconf 79' lang='lat' dir='ltr'>Augustino</span> <span class='ocrx_word' id='word_1_255' title='bbox 1259 3586 1384 3654; x_wconf 93' lang='lat' dir='ltr'>ibidem</span> <span class='ocrx_word' id='word_1_256' title='bbox 1408 3586 1469 3663; x_wconf 83' lang='lat' dir='ltr'>ad·</span> 
     </span>
     <span class='ocr_line' id='line_1_31' title="bbox 189 3692 1471 3779; baseline 0.002 -21"><span class='ocrx_word' id='word_1_257' title='bbox 189 3692 294 3759; x_wconf 89' lang='lat' dir='ltr'>hibita</span> <span class='ocrx_word' id='word_1_258' title='bbox 318 3693 473 3777; x_wconf 88' lang='lat' dir='ltr'>quamvis</span> <span class='ocrx_word' id='word_1_259' title='bbox 496 3693 714 3760; x_wconf 89' lang='lat' dir='ltr'>subtilissima</span> <span class='ocrx_word' id='word_1_260' title='bbox 736 3696 848 3760; x_wconf 91' lang='lat' dir='ltr'>tamen</span> <span class='ocrx_word' id='word_1_261' title='bbox 873 3694 990 3760; x_wconf 89' lang='lat' dir='ltr'>eadem</span> <span class='ocrx_word' id='word_1_262' title='bbox 1015 3695 1116 3779; x_wconf 87' lang='lat' dir='ltr'>atque</span> <span class='ocrx_word' id='word_1_263' title='bbox 1140 3694 1266 3761; x_wconf 90' lang='lat' dir='ltr'>Luculli</span> <span class='ocrx_word' id='word_1_264' title='bbox 1287 3694 1339 3774; x_wconf 91' lang='lat' dir='ltr'>sit,</span> <span class='ocrx_word' id='word_1_265' title='bbox 1363 3711 1471 3779; x_wconf 52' lang='lat' dir='ltr'>quae-1</span> 
     </span>
     <span class='ocr_line' id='line_1_32' title="bbox 190 3796 1465 3885; baseline -0.002 -19"><span class='ocrx_word' id='word_1_266' title='bbox 190 3816 336 3884; x_wconf 90' lang='lat' dir='ltr'>cumque</span> <span class='ocrx_word' id='word_1_267' title='bbox 366 3799 420 3866; x_wconf 92' lang='lat' dir='ltr'>ille</span> <span class='ocrx_word' id='word_1_268' title='bbox 451 3800 516 3866; x_wconf 89' lang='lat' dir='ltr'>boc</span> <span class='ocrx_word' id='word_1_269' title='bbox 545 3798 620 3868; x_wconf 91' lang='lat' dir='ltr'>loco</span> <span class='ocrx_word' id='word_1_270' title='bbox 649 3800 781 3885; x_wconf 80' lang='lat' dir='ltr'>profert,</span> <span class='ocrx_word' id='word_1_271' title='bbox 817 3818 856 3868; x_wconf 89' lang='lat' dir='ltr'>ea</span> <span class='ocrx_word' id='word_1_272' title='bbox 884 3817 961 3867; x_wconf 90' lang='lat' dir='ltr'>esse</span> <span class='ocrx_word' id='word_1_273' title='bbox 989 3800 1107 3867; x_wconf 90' lang='lat' dir='ltr'>hausta</span> <span class='ocrx_word' id='word_1_274' title='bbox 1134 3819 1175 3866; x_wconf 87' lang='lat' dir='ltr'>ex</span> <span class='ocrx_word' id='word_1_275' title='bbox 1201 3801 1294 3868; x_wconf 86' lang='lat' dir='ltr'>tonte</span> <span class='ocrx_word' id='word_1_276' title='bbox 1324 3796 1465 3868; x_wconf 87' lang='lat' dir='ltr'>conicio.</span> 
     </span>
     <span class='ocr_line' id='line_1_33' title="bbox 190 3903 1469 3992; baseline -0.003 -20"><span class='ocrx_word' id='word_1_277' title='bbox 190 3903 289 3974; x_wconf 89' lang='lat' dir='ltr'>Tales</span> <span class='ocrx_word' id='word_1_278' title='bbox 313 3909 424 3973; x_wconf 90' lang='lat' dir='ltr'>autem</span> <span class='ocrx_word' id='word_1_279' title='bbox 449 3905 641 3986; x_wconf 89' lang='lat' dir='ltr'>sententias,</span> <span class='ocrx_word' id='word_1_280' title='bbox 666 3925 806 3992; x_wconf 85' lang='lat' dir='ltr'>quarum</span> <span class='ocrx_word' id='word_1_281' title='bbox 824 3906 950 3973; x_wconf 91' lang='lat' dir='ltr'>similes</span> <span class='ocrx_word' id='word_1_282' title='bbox 966 3907 1001 3972; x_wconf 95' lang='lat' dir='ltr'>in</span> <span class='ocrx_word' id='word_1_283' title='bbox 1016 3905 1225 3974; x_wconf 90' lang='lat' dir='ltr'>Academicis</span> <span class='ocrx_word' id='word_1_284' title='bbox 1242 3907 1381 3974; x_wconf 90' lang='lat' dir='ltr'>servatis</span> <span class='ocrx_word' id='word_1_285' title='bbox 1396 3925 1469 3974; x_wconf 93' lang='lat' dir='ltr'>non</span> 
     </span>
     <span class='ocr_line' id='line_1_34' title="bbox 190 4011 1470 4100; baseline 0.002 -22"><span class='ocrx_word' id='word_1_286' title='bbox 190 4011 355 4097; x_wconf 88' lang='lat' dir='ltr'>leguntur,</span> <span class='ocrx_word' id='word_1_287' title='bbox 384 4012 418 4080; x_wconf 93' lang='lat' dir='ltr'>in</span> <span class='ocrx_word' id='word_1_288' title='bbox 447 4013 509 4080; x_wconf 88' lang='lat' dir='ltr'>bac</span> <span class='ocrx_word' id='word_1_289' title='bbox 541 4016 633 4096; x_wconf 88' lang='lat' dir='ltr'>parte</span> <span class='ocrx_word' id='word_1_290' title='bbox 660 4013 747 4082; x_wconf 91' lang='lat' dir='ltr'>libri</span> <span class='ocrx_word' id='word_1_291' title='bbox 762 4012 809 4080; x_wconf 92' lang='lat' dir='ltr'>lll.</span> <span class='ocrx_word' id='word_1_292' title='bbox 828 4013 991 4081; x_wconf 82' lang='lat' dir='ltr'>invenias·</span> <span class='ocrx_word' id='word_1_293' title='bbox 1038 4012 1179 4100; x_wconf 89' lang='lat' dir='ltr'>Alypius</span> <span class='ocrx_word' id='word_1_294' title='bbox 1206 4014 1298 4082; x_wconf 89' lang='lat' dir='ltr'>enim</span> <span class='ocrx_word' id='word_1_295' title='bbox 1326 4014 1392 4098; x_wconf 78' lang='lat'>§9</span> <span class='ocrx_word' id='word_1_296' title='bbox 1422 4014 1470 4080; x_wconf 90' lang='lat' dir='ltr'>ab</span> 
     </span>
     <span class='ocr_line' id='line_1_35' title="bbox 189 4117 1470 4207; baseline 0.002 -22"><span class='ocrx_word' id='word_1_297' title='bbox 189 4117 380 4204; x_wconf 86' lang='lat' dir='ltr'>Augustino</span> <span class='ocrx_word' id='word_1_298' title='bbox 409 4137 555 4204; x_wconf 90' lang='lat' dir='ltr'>pressus,</span> <span class='ocrx_word' id='word_1_299' title='bbox 591 4124 627 4186; x_wconf 93' lang='lat' dir='ltr'>ut</span> <span class='ocrx_word' id='word_1_300' title='bbox 654 4119 818 4188; x_wconf 90' lang='lat' dir='ltr'>concedat</span> <span class='ocrx_word' id='word_1_301' title='bbox 847 4121 1036 4207; x_wconf 89' lang='lat' dir='ltr'>sapientem</span> <span class='ocrx_word' id='word_1_302' title='bbox 1062 4121 1145 4188; x_wconf 90' lang='lat' dir='ltr'>scire</span> <span class='ocrx_word' id='word_1_303' title='bbox 1173 4121 1382 4205; x_wconf 87' lang='lat' dir='ltr'>sapientiam,</span> <span class='ocrx_word' id='word_1_304' title='bbox 1418 4138 1470 4187; x_wconf 79' lang='lat' dir='ltr'>re·</span> 
     </span>
     <span class='ocr_line' id='line_1_36' title="bbox 191 4224 1468 4314; baseline 0.002 -22"><span class='ocrx_word' id='word_1_305' title='bbox 191 4224 351 4310; x_wconf 88' lang='lat' dir='ltr'>spondet:</span> <span class='ocrx_word' id='word_1_306' title='bbox 386 4225 441 4302; x_wconf 89' lang='lat' dir='ltr'>,Si</span> <span class='ocrx_word' id='word_1_307' title='bbox 465 4225 613 4294; x_wconf 93' lang='lat' dir='ltr'>invenire</span> <span class='ocrx_word' id='word_1_308' title='bbox 636 4227 783 4311; x_wconf 91' lang='lat' dir='ltr'>sapiens,</span> <span class='ocrx_word' id='word_1_309' title='bbox 812 4228 946 4311; x_wconf 90' lang='lat' dir='ltr'>qualem</span> <span class='ocrx_word' id='word_1_310' title='bbox 970 4228 1053 4296; x_wconf 88' lang='lat' dir='ltr'>ratio</span> <span class='ocrx_word' id='word_1_311' title='bbox 1077 4227 1197 4313; x_wconf 90' lang='lat' dir='ltr'>prodit,</span> <span class='ocrx_word' id='word_1_312' title='bbox 1221 4230 1332 4314; x_wconf 88' lang='lat' dir='ltr'>queat,</span> <span class='ocrx_word' id='word_1_313' title='bbox 1356 4229 1468 4313; x_wconf 88' lang='lat' dir='ltr'>potest</span> 
     </span>
     <span class='ocr_line' id='line_1_37' title="bbox 191 4330 1472 4420; baseline 0.002 -21"><span class='ocrx_word' id='word_1_314' title='bbox 191 4330 272 4399; x_wconf 90' lang='lat' dir='ltr'>mihi</span> <span class='ocrx_word' id='word_1_315' title='bbox 296 4331 401 4398; x_wconf 89' lang='lat' dir='ltr'>videri</span> <span class='ocrx_word' id='word_1_316' title='bbox 426 4332 508 4399; x_wconf 92' lang='lat' dir='ltr'>scire</span> <span class='ocrx_word' id='word_1_317' title='bbox 531 4333 750 4418; x_wconf 82' lang='lat' dir='ltr'>sapientiam“</span> <span class='ocrx_word' id='word_1_318' title='bbox 776 4337 810 4401; x_wconf 91' lang='lat' dir='ltr'>et</span> <span class='ocrx_word' id='word_1_319' title='bbox 832 4333 1042 4420; x_wconf 85' lang='lat' dir='ltr'>Augustinus</span> <span class='ocrx_word' id='word_1_320' title='bbox 1066 4338 1195 4403; x_wconf 87' lang='lat' dir='ltr'>contra:</span> <span class='ocrx_word' id='word_1_321' title='bbox 1227 4334 1343 4412; x_wconf 83' lang='lat' dir='ltr'>,Rauo</span> <span class='ocrx_word' id='word_1_322' title='bbox 1367 4335 1472 4420; x_wconf 85' lang='lat' dir='ltr'>igitur</span> 
     </span>
     <span class='ocr_line' id='line_1_38' title="bbox 190 4437 1468 4528; baseline 0.003 -24"><span class='ocrx_word' id='word_1_323' title='bbox 190 4437 290 4505; x_wconf 88' lang='lat' dir='ltr'>talem</span> <span class='ocrx_word' id='word_1_324' title='bbox 318 4438 379 4505; x_wconf 92' lang='lat' dir='ltr'>tibi</span> <span class='ocrx_word' id='word_1_325' title='bbox 403 4438 515 4524; x_wconf 90' lang='lat' dir='ltr'>prodit</span> <span class='ocrx_word' id='word_1_326' title='bbox 538 4456 613 4506; x_wconf 91' lang='lat' dir='ltr'>esse</span> <span class='ocrx_word' id='word_1_327' title='bbox 637 4441 834 4526; x_wconf 89' lang='lat' dir='ltr'>sapientem,</span> <span class='ocrx_word' id='word_1_328' title='bbox 862 4441 921 4527; x_wconf 91' lang='lat' dir='ltr'>qui</span> <span class='ocrx_word' id='word_1_329' title='bbox 944 4441 1143 4527; x_wconf 90' lang='lat' dir='ltr'>sapientiam</span> <span class='ocrx_word' id='word_1_330' title='bbox 1167 4459 1236 4508; x_wconf 96' lang='lat' dir='ltr'>non</span> <span class='ocrx_word' id='word_1_331' title='bbox 1261 4441 1406 4528; x_wconf 90' lang='lat' dir='ltr'>ignoret;</span> <span class='ocrx_word' id='word_1_332' title='bbox 1435 4445 1468 4510; x_wconf 93' lang='lat' dir='ltr'>et</span> 
     </span>
     <span class='ocr_line' id='line_1_39' title="bbox 192 4544 1473 4616; baseline 0.005 -7"><span class='ocrx_word' id='word_1_333' title='bbox 192 4547 276 4612; x_wconf 92' lang='lat' dir='ltr'>recte</span> <span class='ocrx_word' id='word_1_334' title='bbox 315 4545 408 4612; x_wconf 90' lang='lat' dir='ltr'>istuc.</span> <span class='ocrx_word' id='word_1_335' title='bbox 465 4544 543 4612; x_wconf 93' lang='lat' dir='ltr'>Non</span> <span class='ocrx_word' id='word_1_336' title='bbox 582 4546 672 4613; x_wconf 91' lang='lat' dir='ltr'>enlm</span> <span class='ocrx_word' id='word_1_337' title='bbox 708 4547 801 4615; x_wconf 89' lang='lat' dir='ltr'>aliter</span> <span class='ocrx_word' id='word_1_338' title='bbox 834 4546 974 4616; x_wconf 91' lang='lat' dir='ltr'>decebat</span> <span class='ocrx_word' id='word_1_339' title='bbox 1007 4547 1112 4616; x_wconf 90' lang='lat' dir='ltr'>videri</span> <span class='ocrx_word' id='word_1_340' title='bbox 1146 4547 1237 4615; x_wconf 83' lang='lat' dir='ltr'>tibi.“</span> <span class='ocrx_word' id='word_1_341' title='bbox 1296 4545 1473 4616; x_wconf 86' lang='lat' dir='ltr'>Tullianas</span> 
     </span>
     <span class='ocr_line' id='line_1_40' title="bbox 191 4651 1472 4741; baseline 0.002 -23"><span class='ocrx_word' id='word_1_342' title='bbox 191 4651 373 4719; x_wconf 87' lang='lat' dir='ltr'>sententias</span> <span class='ocrx_word' id='word_1_343' title='bbox 408 4653 473 4719; x_wconf 90' lang='lat' dir='ltr'>hoc</span> <span class='ocrx_word' id='word_1_344' title='bbox 506 4653 583 4719; x_wconf 93' lang='lat' dir='ltr'>loco</span> <span class='ocrx_word' id='word_1_345' title='bbox 617 4654 823 4738; x_wconf 90' lang='lat' dir='ltr'>pronuntiari</span> <span class='ocrx_word' id='word_1_346' title='bbox 858 4671 899 4722; x_wconf 88' lang='lat' dir='ltr'>ex</span> <span class='ocrx_word' id='word_1_347' title='bbox 931 4655 1239 4741; x_wconf 88' lang='lat' dir='ltr'>comparationibus</span> <span class='ocrx_word' id='word_1_348' title='bbox 1262 4653 1472 4740; x_wconf 91' lang='lat' dir='ltr'>quibusdam</span> 
     </span>
    </p>
   </div>
   <div class='ocr_carea' id='block_1_5' title="bbox 283 4793 850 4863">
    <p class='ocr_par' dir='ltr' id='par_1_7' title="bbox 283 4793 850 4863">
     <span class='ocr_line' id='line_1_41' title="bbox 283 4793 850 4863; baseline 0.007 -16"><span class='ocrx_word' id='word_1_349' title='bbox 283 4793 306 4862; x_wconf 87' lang='lat'>¹)</span> <span class='ocrx_word' id='word_1_350' title='bbox 325 4807 362 4848; x_wconf 92' lang='lat' dir='ltr'>sc.</span> <span class='ocrx_word' id='word_1_351' title='bbox 376 4796 404 4847; x_wconf 88' lang='lat' dir='ltr'>in</span> <span class='ocrx_word' id='word_1_352' title='bbox 423 4795 511 4863; x_wconf 86' lang='lat' dir='ltr'>priore</span> <span class='ocrx_word' id='word_1_353' title='bbox 529 4793 755 4850; x_wconf 86' lang='lat' dir='ltr'>Academicomm</span> <span class='ocrx_word' id='word_1_354' title='bbox 774 4796 850 4852; x_wconf 87' lang='lat' dir='ltr'>libro.</span> 
     </span>
    </p>
   </div>
   <div class='ocr_carea' id='block_1_6' title="bbox 0 0 1785 5320">
    <p class='ocr_par' dir='ltr' id='par_1_8' title="bbox 0 0 1785 5320">
     <span class='ocr_line' id='line_1_42' title="bbox 0 0 1785 5320; baseline 0 0"><span class='ocrx_word' id='word_1_355' title='bbox 0 0 1785 5320; x_wconf 95' lang='lat' dir='ltr'> </span> 
     </span>
    </p>
   </div>
  </div>
 </body>
</html>
