3544 5320
858 365 1033 424 ...12...

303 566 404 634 vellet
431 567 465 633 in
500 564 722 635 Hortensio
746 567 884 654 dialogo
908 570 951 636 ab
976 571 1088 656 aliqua
1116 589 1150 638 re
1178 573 1279 650 certa,
1304 569 1347 639 de
1375 590 1448 657 qua·
1470 572 1583 640 nullus

304 672 498 758 ambigeret,
538 692 692 742 sumere
730 693 825 743 suae
864 675 1168 761 disputationis·
1207 677 1426 759 exordium,
1473 679 1583 747 Beati

303 782 427 860 certe,
457 779 575 866 inquii,
605 797 743 849 omnes
770 800 860 850 esse
887 782 1142 871 volumus“¹).
1190 784 1232 851 Et
1258 785 1329 870 pari
1358 784 1476 866 modo,
1513 797 1582 871 quo

303 886 474 955 Licentius
503 887 538 954 in
568 889 658 955 exitu
688 888 815 974 dialogi
847 888 1080 976 (c.Ac.123)
1108 889 1290 959 humanam
1317 891 1587 978 sapientiamin-

305 994 444 1074 ratione,
468 1013 534 1080 qua
550 995 671 1062 veritas
688 995 914 1082 investigetur,
942 997 1087 1082 positam
1111 997 1257 1091 seiungit
1280 998 1323 1066 ab
1346 999 1446 1066 altera
1460 999 1584 1066 divina

219 1129 220 1132 ¹
303 1100 500 1170 bominibus
524 1104 603 1186 post
626 1105 766 1169 mortem
788 1104 984 1184 obventura,
1008 1101 1125 1171 Cicero
1146 1106 1211 1172 sub
1234 1099 1336 1172 linem
1352 1104 1524 1174 Hortensii
1547 1106 1582 1172 in

303 1208 368 1276 bac
401 1210 486 1275 terra
517 1208 708 1276 viventibus
736 1209 993 1298 philosophiam
1021 1210 1284 1291 commendavit,
1319 1229 1407 1297 quae
1442 1215 1514 1292 „est
1547 1213 1583 1279 in

303 1315 433 1382 ratione
450 1317 482 1382 et
496 1309 723 1401 investigandi
739 1317 953 1404 cupiditate“,
970 1319 1007 1384 ut
1021 1317 1220 1404 corporibus
1232 1318 1385 1386 extinctis
1401 1319 1435 1386 in
1450 1319 1586 1388 caelum

303 1421 410 1490 redire
438 1421 580 1506 possint.
627 1421 702 1490 Hoc
730 1423 819 1490 enim
848 1423 992 1510 legimus
1027 1425 1061 1492 in
1095 1425 1283 1510 fragmento
1313 1425 1376 1492 102
1411 1424 1582 1494 Hortensii

302 1531 436 1597 servato
461 1528 504 1596 ab
527 1527 718 1614 Augustino
741 1533 855 1599 contra
878 1528 943 1598 Jul.
960 1530 1073 1617 Pelag.
1090 1531 1132 1599 iv
1144 1532 1197 1599 76.

276 1677 278 1682 κ
392 1635 469 1704 Alia
491 1636 688 1721 gravissima
711 1640 907 1723 argumenta
930 1636 1146 1706 Obtmannus
1174 1657 1252 1724 pag.
1287 1638 1327 1706 31
1344 1626 1425 1726 sqq.
1443 1639 1583 1708 ettusius

303 1741 504 1826 explanavit.
549 1741 718 1812 Adhibttis
754 1745 844 1811 enim
885 1744 1089 1836 quibusdam
1126 1746 1257 1814 locise
1295 1745 1387 1814 libris
1427 1747 1469 1814 de
1493 1745 1582 1815 Trin.

304 1849 501 1919 xil-xlv,
530 1850 676 1918 ostendit
710 1869 786 1919 cum
822 1852 855 1918 in
884 1851 1062 1936 Augustini
1094 1855 1166 1919 tum
1205 1853 1240 1920 in
1279 1851 1462 1923 Hortensio
1497 1853 1586 1921 libro

302 1973 473 2025 summam
507 1958 745 2044 disputationis
773 1960 918 2047 positam
953 1959 1056 2027 tuisse
1091 1958 1125 2026 in
1155 1957 1365 2045 seiungenda
1389 1959 1583 2028 inventione

303 2065 547 2151 aquaestione
575 2065 732 2145 veritatis,
768 2084 856 2152 quae
889 2066 964 2134 sola
1000 2065 1196 2134 hominibus
1231 2066 1307 2135 data
1340 2066 1414 2152 ipsa
1450 2053 1586 2135 beatam.

303 2172 406 2240 vitam
430 2171 652 2255 conficerent.

394 2277 498 2346 Porro
537 2279 752 2348 definitiones
790 2280 908 2348 erroris
948 2280 984 2367 (ξ
1011 2279 1097 2366 ibt)
1132 2283 1165 2347 et
1200 2281 1384 2366 sapientiae
1423 2279 1481 2366 (gg
1508 2279 1587 2362 13⁴).

302 2389 338 2456 et
357 2385 443 2472 16⁵»
467 2387 636 2473 huiusque
652 2387 932 2473 expositionemti)
961 2389 994 2454 et
1009 2389 1189 2455 extremam
1206 2390 1333 2473 partem
1362 2386 1472 2472 §230
1496 2384 1591 2455 Hor··-

198 2569 200 2574 ,
301 2493 414 2561 tensio
425 2493 619 2561 tribuendas
632 2511 706 2562 esse
718 2495 773 2562 ille
788 2497 1047 2580 argumentatur.
1082 2494 1180 2577 Quae
1193 2494 1423 2579 complectitur
1437 2511 1515 2580 pag.
1538 2493 1582 2560 47

303 2600 368 2669 sic:
393 2600 728 2680 „Demonstravimus
757 2619 798 2669 ex
832 2600 1014 2669 Hortensio
1046 2600 1224 2687 desumpta
1259 2619 1336 2668 esse
1369 2602 1402 2667 et
1433 2599 1593 2685 disputa-,2

304 2706 407 2775 tionis
430 2707 562 2774 initium
586 2707 608 2793 ἓ
632 2707 653 2775 5
676 2713 710 2775 et
733 2707 965 2775 delinitionem
990 2708 1025 2775 in
1048 2707 1116 2775 line
1139 2708 1161 2793 ἓ
1183 2707 1204 2774 5
1228 2707 1390 2793 prolatam
1415 2709 1448 2774 et
1470 2707 1591 2774 locum:

305 2813 399 2896 iilum
429 2815 533 2881 totius
564 2813 691 2900 dialogi
724 2830 892 2897 summam
923 2814 1151 2882 continentem
1180 2815 1247 2898 §7
1277 2817 1311 2882 et
1333 2813 1583 2881 distinctionem

303 2920 396 2988 iliam
421 2921 443 3007 ξ
467 2921 520 3003 9⁸)
544 2924 576 2989 et
598 2920 784 2988 23tactam
808 2924 842 2989 et
864 2921 982 2989 erroris
1010 2922 1110 3007 atque
1138 2921 1323 3006 sapientiae
1350 2919 1582 2988 delinitionem

305 3047 344 3096 ac
378 3028 624 3114 expositionem
659 3027 680 3114 ἕ
711 3028 762 3108 ll,
801 3027 840 3094 16
871 3045 956 3114 sqq,
992 3031 1025 3099 et
1056 3027 1256 3096 sententiam
1291 3027 1326 3095 in
1355 3026 1425 3094 tine
1457 3025 1595 3111 dialogi

303 3136 462 3221 positam.
522 3134 722 3204 Hortensius
765 3135 866 3221 igitur
901 3134 1003 3202 totius
1042 3134 1116 3202 iibri
1154 3153 1182 3202 c.
1204 3133 1307 3202 Acad.
1343 3134 1364 3202 i.
1399 3133 1475 3201 tons
1512 3132 1596 3200 iure.-

306 3241 494 3328 meritoque
517 3240 582 3310 dici
606 3245 748 3327 potest.“
787 3241 840 3308 An
864 3241 906 3310 de
930 3242 997 3309 alio
1021 3240 1170 3328 quodam
1195 3241 1279 3309 libro
1296 3239 1434 3328 cogitari
1454 3239 1583 3325 possit?

305 3347 393 3416 Cum
435 3343 646 3435 Augustinus
684 3347 809 3416 ibidem
850 3348 950 3417 dicat:
993 3349 1196 3434 ,pauculis
1244 3348 1366 3416 diebus
1410 3346 1583 3415 transactis

395 3517 419 3582 ²)
439 3517 533 3573 Ohlm.
552 3532 614 3589 pag.
633 3517 677 3573 35.

319 3619 320 3623 ¹
395 3605 473 3676 ¹)id.
492 3602 556 3678 pag.
574 3606 688 3662 39-45.
795 3607 796 3611 ’

396 3697 420 3762 ³)
438 3697 474 3752 id.
493 3711 556 3768 pag.
575 3696 611 3752 40
629 3711 678 3766 sq..

394 3787 420 3852 ⁴)
438 3801 501 3858 pag.
520 3785 562 3842 49,

395 3875 418 3942 ⁶)
437 3891 500 3948 pag.
519 3876 562 3931 45.

396 3963 624 4038 bmbm

395 4055 619 4128 bmffim
720 4066 721 4069 ’
1443 4125 1445 4128 Ι
1580 4101 1598 4112 „

395 4144 418 4214 8)
437 4145 596 4201 Olrlmanno
626 4143 746 4215 quidem,
775 4147 821 4214 qui
836 4143 1031 4217 iragmentum
1059 4142 1093 4198 97
1121 4143 1260 4198 Hortensii
1297 4141 1330 4196 ab
1358 4140 1514 4212 Augustino
1549 4139 1599 4194 de'···

304 4233 446 4292 TrimlllV
457 4234 500 4290 ‘19
517 4235 657 4290 servatum
675 4247 738 4289 cum
755 4232 816 4289 libri
835 4233 853 4289 1.
864 4233 945 4288 c.Ac.
964 4231 1032 4302 §§9
1051 4232 1079 4287 et
1096 4231 1132 4286 23
1150 4231 1323 4301 comparavit,
1342 4229 1393 4285 tuit
1405 4227 1602 4300 premendum?

180 4375 182 4380 ,
304 4324 387 4386 etiarn
405 4323 490 4382 verba
502 4323 587 4389 ..dies
605 4323 769 4393 noctesque·
790 4325 819 4378 in
837 4322 883 4376 illo
902 4322 1042 4391 usurpata:
1073 4319 1167 4387 ,Quae
1189 4320 1278 4376 nobis.
1296 4320 1371 4377 dies
1398 4319 1585 4391 noctesque

304 4411 541 4468 considerantibus
559 4412 774 4481 acuentibusque
793 4410 1072 4482 intellegentiam...
1090 4409 1171 4465 idest
1188 4411 1215 4464 in
1234 4409 1410 4479 philosophia
1427 4407 1585 4470 viventibus

304 4503 373 4558 etc·
394 4504 502 4572 reperiri
532 4503 559 4555 ln
588 4499 654 4570 §A
690 4499 846 4566 ,Postremo
869 4514 930 4556 cum
950 4498 1095 4554 'hominem
1117 4486 1231 4554 necesse
1253 4499 1289 4553 sit
1311 4500 1358 4554 aut
1384 4498 1494 4552 beatum
1519 4509 1586 4550 esse

304 4593 353 4647 aul
371 4593 510 4657 ntiserum,
529 4605 621 4647 nonne
640 4591 774 4646 dementis
797 4592 840 4645 est
863 4603 935 4654 eum,
964 4591 1011 4659 qui
1030 4587 1104 4643 dies
1122 4588 1308 4657 noctesque
1335 4588 1467 4656 quartum
1493 4577 1598 4656 potest

304 4682 388 4736 instat
405 4680 614 4753 investigandae
633 4681 747 4745 veritati,
766 4681 894 4735 misemm
914 4675 1050 4742 dicerel‘,
1074 4691 1137 4732 cum
1160 4678 1212 4732 boc
1234 4679 1295 4746 ipso
1322 4677 1436 4730 imitatio
1465 4673 1603 4729 dilucide

304 4770 472 4827 ostendatur.
