3544 5320
736 397 914 457 ,ω-

184 603 448 690 neglegendum.
494 602 545 669 De
580 603 740 690 captiosis
775 605 885 670 autern
923 606 1023 689 atque
1057 602 1233 672 fallacibus
1271 604 1464 671 ratiunculis

182 712 284 778 breve
306 713 519 797 praeceptum
543 712 608 776 est:
633 709 661 776 si
686 709 773 777 male
790 708 1008 777 concedendo
1025 710 1217 791 inferuntur,
1242 710 1285 778 ad
1309 727 1359 790 ea,
1376 730 1463 798 quae

176 834 345 885 concessa
382 819 469 896 sunt,
505 833 581 883 esse
614 816 833 884 redeundum.
880 815 916 884 Si
945 834 1059 884 verum
1094 816 1285 904 falsumque
1324 818 1358 884 irr
1396 835 1463 884 una

179 924 404 994 conclusione
426 922 623 1009 confligunt,
647 922 877 1010 accipiendum
903 922 981 991 inde
1005 922 1096 1010 quod
1128 924 1339 1010 intellegitur,
1370 925 1463 1010 quod

174 1031 339 1116 explicari
363 1047 433 1098 non
457 1032 578 1116 potest,
602 1028 870 1115 relinquendum.
918 1029 953 1098 si
970 1033 1080 1097 autem
1098 1030 1220 1097 modus
1237 1030 1271 1097 in
1292 1031 1462 1117 aliquibus

184 1139 283 1205 rebus
297 1138 376 1205 latet
392 1137 524 1224 penitus
541 1136 724 1217 bominem,
747 1136 919 1205 scientiam
937 1137 1008 1203 eius
1025 1155 1094 1204 non
1111 1154 1185 1204 esse
1201 1139 1458 1222 quaerendam.“

176 1244 458 1312 Consentaneum
491 1245 541 1311 est
574 1245 753 1322 auctorem,
789 1261 865 1310 cum
901 1243 1014 1310 omnia
1045 1247 1152 1312 cetera
1180 1243 1280 1312 huius
1306 1262 1460 1331 paragra·

177 1352 241 1438 *plri
266 1369 306 1420 ex
329 1349 491 1418 Cicerone
525 1349 663 1436 petierit,
698 1366 742 1417 ne
765 1350 827 1418 ista
863 1350 999 1435 quidem
1022 1369 1063 1418 ex
1095 1369 1132 1418 se
1160 1351 1236 1437 ipso
1271 1353 1459 1437 protulisse,

179 1458 376 1545 praesertim
411 1475 486 1526 cum
515 1457 549 1523 in
580 1457 642 1524 bac
671 1460 763 1542 parte
794 1457 892 1524 etiam
927 1458 1028 1525 verba
1064 1455 1237 1525 Ciceronis
1271 1457 1458 1543 imitetur1).

181 1563 280 1647 Quae
328 1583 403 1633 cum
450 1564 654 1651 attingantur
697 1562 730 1631 in
767 1563 905 1631 Lucullo
944 1563 1030 1631 libro
1069 1581 1179 1648 neque
1218 1568 1331 1632 lamen
1370 1554 1460 1633 hunc

180 1671 391 1758 Augustinus
421 1670 635 1756 exscripsisse
666 1670 785 1756 possit,
815 1670 889 1738 eius
919 1670 1157 1757 explicationes
1186 1689 1226 1738 ex
1249 1671 1458 1741 Academicis

182 1779 423 1866 posterioribus
446 1780 598 1864 sumptas
622 1795 697 1844 esse
721 1777 800 1844 satis
825 1777 1000 1862 probabile
1023 1780 1082 1844 est.

269 1902 514 1971 Convertamus
537 1921 601 1970 nos
623 1901 665 1969 ad
690 1901 850 1969 orationis
865 1901 1045 1989 Augustini
1069 1902 1206 1970 alteram·
1228 1905 1366 1987 partem,
1391 1915 1460 1988 qua

171 2011 223 2094 ⁴§§
246 2009 378 2077 30-36
402 2010 445 2077 de
469 2010 666 2078 assensione
690 2009 809 2094 agitur,
834 2009 892 2075 ubi
916 2027 987 2076 non
1016 2009 1128 2075 minus
1152 2005 1323 2076 Ciceronis
1351 2010 1456 2076 imita·

174 2119 286 2184 torem
323 2134 360 2184 se
394 2117 496 2184 nobis
532 2118 684 2183 ostentat.
731 2115 880 2182 Primum
903 2115 957 2182 vel
991 2134 1032 2183 err
1066 2134 1118 2195 eo,
1154 2115 1246 2200 quod
1278 2134 1378 2201 supra
1414 2117 1456 2185 de

179 2224 394 2310 perceptione
420 2239 619 2291 concessum
651 2223 703 2303 sit,
731 2221 827 2302 ellici,
856 2225 892 2289 ut
920 2222 1171 2289 assentiendum
1201 2221 1252 2303 sit,
1282 2225 1304 2307 §
1331 2223 1376 2290 30
1403 2224 1455 2292 bis

178 2331 289 2397 verbis
324 2329 480 2397 declarat:
516 2329 627 2411 „Quid
664 2332 774 2396 autem
804 2328 948 2415 amplius
984 2328 1181 2409 desiderem,
1217 2328 1300 2396 nihil
1333 2330 1454 2412 habe0,

179 2436 207 2504 si
238 2438 304 2505 iam
335 2437 509 2525 probabile
539 2439 591 2503 est
619 2436 773 2503 nonnihit
804 2435 887 2503 scire
911 2435 1106 2520 sapientem.
1152 2435 1230 2504 Non
1265 2436 1355 2504 enim
1391 2438 1455 2504 alia

170 2559 280 2611 causa
316 2545 385 2611 veri
416 2543 523 2611 simile
563 2542 746 2623 videbatur,
782 2560 858 2610 eum
897 2541 956 2628 (sc.
985 2542 1187 2629 sapientem)
1223 2545 1452 2612 assensionem

174 2652 344 2718 sustinere
378 2651 511 2730 debere,
546 2650 610 2717 nisi
645 2650 724 2734 quia
760 2651 827 2716 erat
860 2649 928 2716 veri
965 2648 1073 2717 simile
1109 2650 1192 2716 nibil
1226 2643 1329 2736 posse
1363 2670 1452 2719 com-

175 2757 348 2846 prehendi.
396 2757 477 2839 Quo
505 2757 639 2824 sublato
655 2808 663 2822 .
681 2806 715 2822 ..
743 2756 834 2823 nulla
862 2757 928 2823 iam
956 2773 1058 2824 causa
1086 2756 1271 2824 remanebit
1299 2775 1355 2825 cur
1382 2777 1452 2826 non

171 2866 377 2933 assentiatur
413 2865 549 2949 sapiens
584 2863 637 2930 vel
671 2863 736 2948 ipsi
771 2863 985 2950 sapientiae.“
1045 2862 1119 2929 Pari
1155 2862 1258 2930 modo
1295 2864 1459 2931 Lucullus

173 2972 385 3040 assensionis
419 2971 636 3039 retentionem
662 2987 736 3036 esse
764 2968 964 3038 reiciendam
999 2972 1103 3055 putat,
1135 2987 1210 3036 cum
1241 2971 1285 3038 ab
1315 2951 1461 3039 homine

177 3097 247 3147 non
271 3079 362 3146 nulla
386 3078 517 3164 possint
540 3077 624 3157 sciri,
648 3075 740 3161 quod
764 3077 954 3143 necessario
977 3077 1084 3143 trahat
1106 3094 1293 3144 assensum.
1339 3078 1452 3162 ltaque

177 3186 276 3273 plane
299 3203 375 3253 cum
397 3185 561 3251 sententia
581 3183 760 3269 Augustini
777 3201 878 3268 supra
895 3182 992 3250 allata
1007 3183 1183 3250 concinere
1203 3183 1284 3250 milri
1300 3183 1455 3251 videntur

171 3293 210 3360 ¹in
225 3292 283 3360 Ac.
300 3289 326 3358 11
341 3291 385 3359 37
400 3309 451 3375 sq.
475 3308 645 3377 expressa:
673 3288 776 3366 ,Nam
802 3307 877 3356 cum
900 3290 979 3369 vim,
1003 3306 1089 3373 qnae
1114 3292 1202 3357 esset
1225 3290 1259 3357 in
1285 3292 1452 3376 sensibus,

177 3400 438 3486 explicabamus,
462 3398 563 3465 simul
588 3396 668 3464 itlud
693 3397 912 3482 aperiebatur,
935 3395 1174 3482 comprehendi
1198 3397 1302 3465 mulla
1325 3401 1357 3466 et
1380 3417 1452 3483 per·

169 3507 241 3592 cipi
272 3506 438 3586 sensibus,
470 3504 560 3589 quod
591 3503 662 3570 lieri
694 3505 765 3570 sine
797 3503 1000 3570 adsensione
1030 3521 1100 3570 non
1128 3506 1240 3589 potest
1263 3555 1270 3568 .
1290 3556 1296 3568 .
1315 3556 1348 3571 ..
1380 3489 1459 3592 (38)⁴

170 3611 392 3696 Quamquam
431 3611 458 3678 si
494 3612 560 3690 illa,
597 3610 639 3678 de
670 3611 793 3694 quibus
824 3610 1028 3694 disputatum
1062 3612 1121 3689 est,
1146 3629 1223 3676 vera
1250 3613 1337 3690 sunt,
1369 3614 1450 3680 nihil

176 3720 291 3787 attinet
314 3719 355 3786 de
380 3718 582 3786 adsensione
606 3718 746 3785 omnino
770 3718 878 3801 loqui;
904 3717 961 3801 qui
986 3717 1074 3783 eninr
1100 3716 1181 3803 quid
1210 3717 1360 3803 percipit,
1393 3719 1449 3786 ad-

168 3827 313 3894 sentitur
335 3827 475 3893 statim.“

263 3950 331 4019 Sed
358 3969 445 4035 quae
471 3954 541 4018 tum
565 3951 608 4017 ab
632 3949 689 4016 illo
713 3967 740 4016 c.
763 3947 821 4016 Ac.
841 3945 940 4015 11131
968 3966 1041 4034 sqq.
1066 3948 1205 4034 copiose
1227 3952 1449 4034 exponuntur,

169 4077 289 4126 eorum
325 4077 432 4144 pauca
467 4060 594 4124 tantum
628 4056 767 4141 vestigia
801 4055 1010 4122 inveniamus
1043 4055 1076 4122 in
1108 4054 1328 4133 Academicis,
1363 4073 1455 4150 quae

170 4168 363 4252 supersunt.
410 4165 460 4232 Eo
488 4181 578 4243 vero,
607 4163 698 4247 quod
728 4161 806 4230 dicit
833 4163 867 4228 in
895 4163 917 4246 §
939 4161 993 4243 31,
1018 4160 1214 4229 Ciceronem
1238 4162 1387 4230 confiteri
1412 4181 1448 4229 se

174 4289 334 4358 magnum
351 4288 425 4338 esse
445 4271 712 4357 opinatorem,
736 4268 804 4336 sed
821 4268 866 4335 de
883 4269 1065 4355 sapiente
1085 4286 1126 4335 se
1150 4285 1358 4352 quaerere,
1381 4269 1448 4354 sig-

174 4378 298 4446 nificari
320 4377 580 4445 Ac.1166recte
604 4377 671 4443 iam
695 4375 865 4449 Krischius
888 4393 965 4460 pag.
988 4375 1049 4441 187
1072 4374 1241 4460 cognovit,
1266 4373 1323 4440 ubi
1346 4376 1447 4460 scrip-

172 4487 243 4552 tum
265 4488 329 4552 est:
347 4536 360 4562 ,
381 4534 389 4551 .
408 4535 415 4551 .
433 4534 440 4549 .
469 4483 528 4550 sed
553 4483 744 4566 quaerimus
768 4483 809 4548 de
823 4482 984 4567 sapiente.
998 4499 1062 4568 ego
1079 4499 1158 4548 vero
1175 4481 1247 4565 ipse
1261 4483 1292 4547 et
1303 4499 1448 4566 magnus

173 4591 310 4675 quidem
340 4609 414 4657 sum
444 4591 629 4675 opinat0r“.
677 4587 752 4658 Hoc
779 4588 868 4656 enim
895 4588 939 4655 ab
967 4586 1158 4672 Augustino
1189 4587 1222 4653 in
1251 4588 1446 4654 memoriam

260 4801 479 4874 Ammffi
