3544 5320
858 362 1033 422 ..14-

167 643 170 649 ¹
274 618 276 621 .
301 563 442 644 tacuisse?
487 566 626 633 Prorsus
650 565 715 633 hoc
738 566 883 634 alienum
908 568 958 633 cst
982 584 1000 633 a
1022 564 1264 650 probabilitate,
1294 566 1483 650 praesertim
1509 581 1585 630 cum

303 671 546 758 disputationis
591 673 674 746 inter
718 671 910 760 'trygetium
950 675 983 740 et
1021 672 1206 740 licentium
1253 671 1390 738 habitae·
1430 670 1586 756 dialogus

304 777 509 848 Hortensius
538 779 616 847 ions
644 781 844 847 constitutus
872 780 923 846 sit.
975 779 1043 848 Sed
1072 780 1171 846 etiam
1207 780 1314 846 cetera
1349 777 1585 863 adiungamus,

304 904 397 972 quae
430 887 472 954 ab
496 886 685 973 Augustino
716 886 758 953 de
793 886 924 954 fortuna
959 879 1263 954 commemorantur
1290 885 1323 951 in
1348 885 1440 964 ll,l
1468 902 1496 950 c.
1512 882 1586 952 Ac:

309 992 462 1070 ,Etenim
478 994 619 1061 tortasse
635 1012 723 1081 quae
739 995 842 1080 vulgo
866 994 1032 1062 fortuna·
1043 993 1245 1072 nominatur,
1263 985 1585 1078 occulto'quodam

305 1100 450 1172 ordine
484 1100 618 1187 regitur,
654 1100 805 1187 nihilque
839 1099 931 1168 aliud
959 1100 993 1166 in
1029 1099 1128 1166 rebus
1163 1117 1279 1167 casum
1314 1118 1485 1178 vocamus,
1520 1100 1586 1167 nisi

305 1207 406 1275 cuius
429 1208 513 1275 ratio
537 1210 569 1276 et
591 1225 711 1277 causa
735 1210 885 1277 secreta
909 1210 990 1287 est,“
1024 1207 1226 1294 quibuscum
1254 1206 1465 1275 conterantur
1492 1205 1586 1274 Cice·

304 1315 400 1410 -ronis
434 1314 597 1382 Actus:
642 1332 762 1402 ,quam
803 1315 884 1397 (vim
925 1313 1108 1400 mundi)..
1144 1314 1424 1382 necessitatem
1473 1313 1586 1400 appel·

309 1423 379 1490 lant
396 1472 507 1490 .....
552 1423 649 1509 quasi
684 1422 819 1490 fatalem
855 1424 888 1490 et
921 1420 1176 1489 immutabilem
1199 1420 1489 1489 continuationem
1526 1439 1587 1487 or·

305 1529 417 1596 dinis
459 1529 664 1615 sempiterni,
708 1546 1013 1615 nonnunquam..
1053 1527 1195 1596 eandem
1232 1527 1448 1607 fortunam,
1495 1527 1587 1613 quod

296 1636 432 1708 ,eiliciat
455 1637 559 1704 multa
591 1637 772 1722 improvisa
803 1638 836 1704 et
866 1635 1071 1721 necopinata
1096 1635 1196 1702 nobis
1231 1636 1368 1721 propter
1408 1633 1588 1702 obscuri·

304 1746 428 1810 tatem
461 1743 776 1829 ignorationemque
807 1749 1044 1811 causarum.“
1093 1740 1211 1810 Cicero
1247 1759 1329 1827 ergo
1364 1740 1443 1808 dicit
1478 1739 1519 1807 de
1555 1741 1589 1807 vi

306 1849 439 1930 mundi,
464 1868 550 1936 quae
573 1851 626 1917 vel
642 1850 774 1918 iortuna
791 1852 927 1935 propter
942 1849 1179 1918 obscuritatem
1200 1865 1377 1916 causarum
1398 1847 1590 1915 nominatur

306 1956 362 2024 vel
401 1957 624 2025 necessitas
659 1959 795 2043 propter
827 1957 1068 2042 sempiternum
1096 1955 1249 2023 ordinem
1279 1955 1314 2022 in
1349 1972 1393 2022 ea..
1429 1954 1588 2040 positum.

306 2063 386 2132 Pari
410 2064 513 2132 modo
537 2065 617 2132 alter
640 2064 806 2132 fortunam
835 2064 985 2142 ,occulto
1014 2062 1163 2150 quodam
1193 2061 1330 2130 ordine“
1366 2080 1480 2148 regere
1516 2062 1589 2147 opi·

307 2175 416 2251 natur,
445 2172 539 2240 cuius
564 2190 665 2240 causa
693 2176 818 2240 secreta
846 2173 898 2239 sit.
943 2171 1053 2257 Atque
1085 2171 1185 2238 etiam
1219 2170 1331 2256 aliqua
1365 2187 1441 2237 cum
1480 2169 1589 2255 priore

311 2278 387 2347 loco
403 2278 583 2365 Augustini
607 2278 792 2346 similitudo
810 2281 928 2359 exstat,
949 2296 1025 2346 cum
1048 2278 1115 2345 illic
1129 2278 1164 2345 in
1185 2277 1316 2345 fortuna
1333 2273 1590 2358 necessitas¹)

306 2388 447 2456 naturae
470 2389 703 2472 cognoscatur.
750 2384 878 2453 Tamen
902 2403 946 2454 ne
969 2404 1010 2452 ex
1033 2384 1242 2452 Academicis
1267 2383 1404 2470 quidem
1430 2384 1490 2450 has
1514 2400 1589 2450 sen·

307 2494 431 2561 vtentius
455 2495 607 2578 sumptas
631 2511 705 2561 esse
730 2495 832 2579 patet,
856 2492 921 2560 nisi
945 2492 1044 2559 etiam
1067 2491 1141 2560 libri
1164 2491 1199 2558 ll.
1225 2491 1266 2559 de
1289 2489 1357 2558 Oti.
1378 2493 1411 2558 et
1429 2489 1469 2556 V.
1490 2488 1589 2557 Tusc.

271 2587 273 2593 ⁴
307 2599 578 2686 disputationum
611 2598 752 2667 adhibiti
792 2617 867 2666 esse
905 2597 1067 2666 videntur.
1114 2597 1157 2666 At
1194 2597 1313 2666 Cicero
1348 2597 1382 2664 in
1421 2596 1514 2664 libris
1548 2595 1591 2662 de

242 2719 243 2722 ’
311 2705 529 2792 philosophia
557 2707 687 2792 scriptis
716 2705 915 2786 identidem„
946 2705 1039 2792 quod
1066 2705 1199 2774 alterius
1228 2705 1331 2772 totius
1355 2705 1590 2790 argumentum

311 2815 476 2904 tractatur,
500 2813 534 2879 in
559 2812 626 2880 alio
642 2813 696 2880 vel
719 2812 793 2880 aliis
817 2812 958 2881 breviter
973 2813 1173 2898 perstringit.
1219 2811 1291 2880 Tali
1312 2810 1416 2879 modo
1436 2809 1591 2878 videmus

310 2921 406 2988 initio
429 2919 504 2986 libri
528 2918 571 2986 de
595 2917 662 2988 Oli.
684 2919 719 2987 ll.
759 2919 929 2987 Hortensii
955 2920 1161 2987 mentionem
1184 2919 1266 2986 lieri.
1313 2917 1495 3004 Praecipue
1508 2933 1590 2983 vero

307 3026 560 3114 respiciendum
595 3029 647 3094 est
680 3027 881 3094 sententiam
916 3026 958 3094 de
995 3026 1128 3093 fortuna
1166 3043 1267 3110 supra
1306 3025 1450 3104 allatam,
1493 3022 1590 3092 cuius

309 3133 432 3204 similis
455 3133 546 3219 apud
561 3133 648 3220 Aug.
665 3133 706 3200 ll
735 3134 910 3214 invenitur,
940 3132 1042 3219 paulo
1071 3136 1149 3219 post
1177 3132 1273 3200 istam
1301 3130 1473 3199 Hortensii
1495 3147 1590 3196 men·

307 3243 440 3309 tionem
465 3244 619 3308 exstare„
649 3240 752 3308 Porro
787 3240 877 3308 alter·
902 3241 998 3308 locus
1032 3239 1074 3307 de
1098 3239 1294 3307 tortunaex
1321 3235 1527 3305 libro‘Tusc.
1550 3234 1590 3302 V.

309 3349 496 3434 exscriptus
512 3351 572 3428 est,
596 3347 629 3414 in
647 3365 716 3433 quo
733 3347 809 3434 ipso
825 3365 961 3434 quoque
978 3346 1063 3414 utin
1079 3345 1259 3414 Hortensio
1275 3344 1318 3412 de
1334 3346 1430 3413 beate
1445 3341 1591 3410 vivendo

314 3455 431 3541 agitur.
466 3453 586 3540 Neque
610 3455 702 3539 parvi
727 3453 886 3539 ponderis
910 3457 971 3533 est,
995 3452 1088 3539 quod
1113 3451 1315 3520 Hartlichius
1338 3469 1417 3538 pag.
1433 3451 1499 3518 287
1515 3468 1591 3537 sqq.

310 3562 471 3642 ostendit,
511 3562 575 3631 hoc
612 3560 710 3629 Tusc.
750 3560 823 3628 libri
862 3561 1075 3647 prooemium
1110 3576 1313 3644 permagnas
1347 3558 1593 3626 consensiones

315 3668 459 3755 proiene
495 3686 571 3736 cum
606 3668 781 3737 Posidonii
804 3667 1018 3754 Protreptic0,
1050 3667 1120 3753 qui,
1154 3666 1183 3734 si
1218 3683 1287 3732 non
1322 3665 1395 3751 ipse
1419 3664 1592 3733 Ciceronis

312 3774 498 3844 Hortensio
529 3776 684 3862 exemplo
712 3776 783 3856 luit,
813 3779 846 3842 at
872 3779 985 3843 tamen
1014 3774 1056 3842 ad
1084 3773 1231 3842 eundem
1258 3772 1385 3840 fontem
1410 3776 1510 3859 atque
1537 3771 1593 3840 ille

315 3882 425 3949 referri
449 3884 601 3969 potest2).
647 3883 760 3969 ltaque
796 3882 925 3969 optimo
954 3882 1024 3949 iure
1051 3879 1292 3967 suspicandum
1322 3883 1373 3948 est
1396 3878 1592 3948 Ciceronem
1628 3877 1630 3880 ’

312 3989 350 4058 in
375 3990 439 4056 hoc
467 3988 650 4075 explicasse
678 3989 863 4070 hominem,
887 4007 964 4057 cum
992 3989 1027 4056 in
1060 3989 1122 4056 hac
1157 3992 1241 4055 terra
1273 3987 1425 4072 corporis
1459 4004 1592 4072 compe-

317 4095 417 4162 dibus
442 4095 623 4181 impeditus
647 4095 689 4162 ad
714 4096 913 4182 sapientiam
938 4096 1111 4181 pervenire
1134 4112 1203 4161 non
1228 4097 1354 4179 posset,
1376 4112 1452 4160 esse
1476 4094 1510 4161 in
1534 4111 1593 4180 po-

316 4205 433 4270 testate
460 4201 623 4270 fortunae.
671 4201 775 4284 Quod
803 4221 837 4270 re
866 4221 942 4270 vera
975 4220 1050 4270 esse
1077 4204 1250 4268 tractatum
1286 4201 1319 4266 in
1355 4201 1420 4267 hoc
1457 4199 1615 4286 dialogo

314 4308 398 4378 mihi
415 4307 551 4395 quidem
567 4309 698 4376 videtur
713 4310 840 4377 elucere
862 4328 904 4376 ex
924 4309 1093 4376 Hortensii
1109 4307 1295 4394 fragmento
1311 4307 1354 4374 39
1372 4306 1438 4390 (ed.
1454 4305 1594 4373 Muelle-

317 4416 423 4496 riana;
457 4414 667 4501 Augustinus
701 4416 743 4484 de
771 4417 825 4483 vit.
850 4417 882 4484 b.
907 4418 940 4483 et
968 4414 1011 4481 de
1033 4413 1122 4482 Trin.
1146 4414 1212 4481 Xlll
1232 4413 1311 4496 13.):
1349 4413 1453 4492 ,Ecce
1483 4415 1594 4479 autem

317 4540 387 4592 non
422 4521 617 4609 philosophi
654 4523 802 4610 quidem,
849 4521 908 4589 sed
943 4521 1089 4609 prompti
1124 4523 1236 4588 tamen
1271 4520 1313 4588 ad
1354 4518 1594 4605 disputandum

407 4685 418 4722 1

405 4685 430 4843 'a
448 4682 482 4829 aa.
500 4682 629 4829 Hagrtliaa.
649 4787 712 4843 pag.
730 4770 797 4839 3003
825 4726 924 4826 Hirzel.
943 4772 1047 4842 quaest.
1067 4769 1179 4836 111347,
1202 4771 1233 4837 33
1269 4770 1354 4826 Diels.
1374 4784 1436 4841 pag.
1456 4769 1508 4824 477
1524 4781 1597 4838 sqq..
