3544 5320
737 417 919 477 ...15-

179 643 306 692 omnes
329 624 426 691 aiuntx
447 641 521 691 esse
546 623 673 702 beatos
698 623 757 709 qui
780 623 904 703 vivant,
929 628 965 691 ut
993 623 1058 711 ipsi
1081 624 1193 692 velint.
1256 625 1392 693 Falsum
1432 626 1469 694 id

184 731 335 818 quidem.
381 730 474 798 Velle
502 731 603 810 enim,
633 729 725 815 quod
754 747 824 796 non
859 730 985 810 deceat,
1020 730 1054 797 id
1087 731 1198 817 ipsum
1228 733 1465 800 miserrimum:

185 856 249 905 nec
270 844 337 905 tam
362 836 521 905 miserum
543 839 593 905 est
612 854 682 904 non
698 835 849 923 adipisci,
874 836 966 922 quod
982 837 1077 917 velis,
1094 855 1195 921 quam
1212 838 1353 924 adipisci
1369 839 1466 920 velle,

181 944 279 1030 ,quod
296 962 366 1012 non
382 946 544 1029 oporteat.
584 943 663 1011 Plus
680 943 867 1012 enlm-mali
883 944 1029 1029 pravitas
1043 945 1225 1013 voluntatis
1241 946 1345 1027 affert,
1364 964 1464 1032 quam

177 1052 344 1118 fortuna
368 1051 525 1138 cuiquam
542 1051 654 1121 boni.“
692 1049 808 1119 idest:
833 1050 1049 1137 Quamquam
1067 1053 1226 1120 miserum
1243 1057 1294 1121 est
1310 1071 1379 1122 non
1397 1055 1466 1122 adi·

180 1158 279 1242 pisci,
303 1157 395 1244 quod
423 1157 517 1239 velis,
538 1160 652 1225 tamen
675 1158 728 1225 vel
755 1158 861 1226 multo
885 1160 1038 1226 miserius
1067 1159 1208 1246 adipisci
1241 1161 1337 1241 velle,
1372 1162 1466 1248 quod

177 1283 255 1333 non
276 1265 401 1333 deceat.
440 1264 500 1333 Sin
522 1264 690 1350 quispiam
714 1265 911 1351 adipiscitur
928 1265 973 1346 id,
997 1266 1089 1352 quod
1105 1266 1194 1347 velit,
1216 1283 1257 1334 ex
1277 1268 1350 1335 aliis
1365 1270 1466 1337 rebus

177 1372 318 1458 pendet.
351 1371 497 1440 Fortuna
513 1389 589 1439 cum
604 1390 695 1453 vero,
712 1375 748 1439 ut
763 1373 987 1459 fragmentum
1005 1373 1112 1454 docet,
1129 1392 1199 1442 non
1220 1375 1362 1442 multum
1383 1374 1466 1443 boni

177 1479 309 1559 afferat,
330 1495 494 1565 persaepe
513 1479 635 1546 resistit
649 1478 813 1546 voluntati
841 1471 999 1559 hominis,
1028 1482 1063 1547 ut
1083 1480 1128 1560 id,
1150 1481 1244 1566 quod
1265 1483 1369 1567 optet,
1395 1500 1464 1550 non

184 1588 392 1671 assequatur.
431 1583 521 1672 Ergo
542 1602 583 1653 ex
603 1604 655 1665 eo,
677 1585 772 1671 quod
793 1587 889 1672 quasi
911 1585 1014 1653 fixum
1036 1588 1181 1671 ponitur,
1208 1587 1337 1655 homini
1362 1588 1464 1656 vitam

176 1693 321 1760 'beatam
334 1692 467 1759 fortuna
482 1692 653 1773 obvenire,
670 1692 845 1778 probabile
862 1694 913 1760 est
929 1693 996 1760 iam
1012 1693 1047 1760 in
1069 1693 1357 1779 explicationibus,
1379 1711 1465 1781 quae

184 1799 262 1867 huic
282 1800 471 1886 fragmento
492 1800 756 1884 praecurrebant,
779 1799 821 1866 de
838 1798 926 1867 illius
949 1802 1113 1886 potestate
1137 1800 1262 1868 dictum
1287 1819 1372 1868 esse.
1418 1801 1467 1870 llc

180 1906 306 1974 dubito
327 1925 370 1973 an
390 1923 468 1975 cum
495 1906 683 1992 fragmento
706 1904 754 1973 50
773 1905 873 1992 (Aug.
898 1906 941 1974 de
964 1906 1052 1975 Trin.
1076 1907 1212 1992 xlvvtu:
1251 1908 1345 1987 ,Una
1366 1909 1467 1994 igitur

177 2011 227 2097 tsi
250 2013 360 2091 nobis,
389 2029 465 2080 cum
494 2031 536 2080 ex
559 2014 622 2080 hac
649 2014 715 2080 vita
744 2013 1028 2100 emigraverimus,
1066 2015 1100 2081 in
1135 2014 1309 2082 beatorum
1346 2017 1469 2084 insulis

178 2120 372 2188 immortale
395 2136 526 2200 aevum,
552 2123 587 2186 ut
609 2119 743 2187 fabulae
766 2119 884 2200 ferunt,
909 2120 1031 2206 degere
1054 2121 1180 2208 liceret)
1204 2139 1355 2190 essemus
1376 2123 1464 2190 beati

177 2226 378 2313 cognitione
401 2229 538 2293 naturae
562 2228 594 2293 et
617 2227 765 2307 scientia,
795 2245 861 2312 qua
893 2227 965 2294 sola
1000 2228 1101 2294 etiarn
1137 2227 1277 2296 deorum
1313 2234 1364 2296 est
1397 2230 1464 2297 vita

176 2333 363 2402 laudanda.
410 2331 460 2400 Ex
476 2352 544 2418 quo
561 2333 712 2420 intellegi
728 2337 839 2420 potest
855 2338 962 2403 cetera
977 2334 1234 2403 necessitatis
1251 2353 1337 2417 esse,
1359 2354 1464 2403 unum

186 2441 251 2509 hoc
273 2440 473 2509 voluntatis“
501 2445 577 2527 apte
602 2442 813 2510 conferantur
835 2442 936 2510 verba
951 2441 1131 2528 Augustini
1155 2461 1185 2510 c.
1203 2441 1260 2510 nc.
1276 2442 1287 2509 l
1303 2443 1336 2509 l:
1378 2441 1465 2527 ,Sed

177 2549 346 2634 quoniam
371 2549 416 2616 ita
440 2551 669 2634 comparatum
693 2552 754 2629 est,
778 2549 849 2616 sive
876 2567 937 2635 pro
968 2549 1093 2616 meritis
1127 2550 1261 2630 nostris,
1297 2549 1368 2616 sive
1402 2567 1464 2635 pro

185 2655 428 2723 necessitate
452 2657 601 2736 naturae,
626 2659 662 2722 ut
678 2655 829 2723 divinum
846 2656 996 2723 animum
1014 2706 1021 2722 .
1040 2706 1047 2723 .
1066 2706 1073 2723 .
1098 2674 1314 2743 nequaquam
1331 2657 1464 2743 sapien·

175 2763 250 2829 tiae
274 2764 391 2847 portus
414 2763 572 2849 accipiat“
601 2761 674 2849 (etc.
692 2765 728 2829 ut
751 2762 877 2849 supra).

273 2887 486 2972 ltaqde‘cum
511 2887 611 2954 etiam
635 2887 670 2954 in
694 2888 880 2972 prooemio,
910 2906 979 2974 quo
1007 2887 1237 2962 Romanianus
1271 2887 1314 2956 ad
1355 2888 1463 2974 philo-

178 2993 340 3080 sophiam
365 2993 527 3074 incitatur,
557 2995 743 3062 sententiae
770 3012 846 3061 cum
871 2993 1043 3062 Ciceronis
1078 2994 1160 3063 locis
1189 2994 1286 3062 valde
1321 3013 1463 3080 congru-

177 3103 280 3169 entes
302 3103 495 3188 appareant,
520 3103 689 3167 auctorem
713 3103 864 3168 nostmm
889 3100 971 3168 illud
994 3103 1101 3169 totum
1126 3119 1168 3168 ex
1188 3101 1368 3169 Hortensio
1392 3120 1463 3169 mu·

177 3211 313 3276 tuatum
338 3225 413 3276 esse
436 3207 505 3274 veri
528 3206 734 3274 simillimum
758 3207 923 3275 existimo.
1338 3229 1342 3236 “

273 3332 340 3400 lam
361 3350 425 3399 nos
442 3335 676 3399 convertamus
691 3331 733 3398 ad
749 3332 869 3399 librum
888 3351 915 3400 c.
927 3331 985 3399 Ac.
1002 3332 1036 3399 ll.
1053 3332 1325 3419 perquirendum,
1342 3334 1376 3401 in
1394 3351 1463 3420 quo

182 3458 255 3508 non
279 3439 371 3506 nulla
395 3437 566 3506 Hortensii
582 3439 723 3524 vestigia
747 3438 900 3506 nondum
924 3438 1034 3506 adhuc
1057 3441 1184 3525 reperta
1208 3438 1307 3507 latere
1331 3441 1462 3526 opinor.

179 3545 273 3614 Cum
297 3545 340 3613 de
362 3545 447 3612 libro
476 3545 584 3631 primo
607 3547 737 3612 tantum
762 3544 978 3613 Ohlmannus
1002 3547 1152 3612 accurate
1176 3546 1386 3630 quaesiverit,
1422 3546 1463 3613 de

185 3653 278 3720 libris
307 3671 334 3719 c.
357 3651 415 3719 Ac.
451 3651 486 3720 Il.
511 3654 543 3719 et
570 3651 616 3720 lll.
650 3669 790 3738 campus
823 3651 1016 3736 quaerendo
1054 3655 1153 3730 restat
1180 3654 1280 3720 totus.
1331 3652 1463 3721 Etenim

185 3759 268 3832 nihil
297 3757 387 3826 aliud
416 3758 526 3825 adhuc
553 3758 708 3826 ellectum
731 3762 791 3839 est,
825 3758 889 3825 nisi
913 3758 1015 3844 quod,
1041 3758 1201 3850 quoniam
1226 3777 1267 3826 ex
1291 3758 1463 3828 Ciceronis

178 3865 395 3936 Academicis
418 3865 482 3932 loci
507 3883 534 3931 c.
558 3863 616 3932 Ac.
633 3865 657 3932 ll
680 3865 735 3945 26,
759 3864 855 3931 11116
879 3867 912 3931 et
935 3865 974 3932 31
1002 3864 1184 3932 afferuntur
1206 3867 1238 3933 et
1254 3863 1463 3952 Augustinus

185 3991 223 4041 se
239 3971 413 4040 Ciceronis
437 3973 635 4057 argumenta
658 3971 806 4039 refellere
822 3972 895 4058 ipse
912 3973 1086 4057 profitetur
1102 3972 1136 4058 (l.
1153 3991 1182 4039 a.
1199 3969 1237 4040 111
1256 3973 1307 4053 14,
1324 3972 1377 4051 31,
1394 3973 1462 4060 45),

186 4079 290 4147 libros
313 4079 347 4146 ll.
371 4082 404 4146 et
426 4078 473 4145 111.
503 4078 588 4145 inter
610 4096 646 4146 se
670 4078 835 4146 artissime
869 4080 1086 4147 cohaerentes
1110 4078 1238 4146 exiliis
1263 4079 1463 4164 profluxisse

178 4185 381 4254 conclusum
405 4183 497 4271 est1).
543 4184 663 4272 Neque
686 4185 731 4251 ita
747 4185 899 4271 graviora
919 4188 996 4253 ante
1014 4184 1245 4255 Ohlmannum
1263 4186 1297 4252 in
1314 4186 1462 4253 medium

172 4292 323 4379 ,protulit
346 4291 526 4370 Krischius,
555 4292 613 4376 qui
642 4309 702 4377 pro
731 4294 820 4359 certo
849 4293 961 4360 statuit
983 4290 1183 4360 Academica
1212 4293 1396 4378 posteriora
1420 4295 1463 4362 ab

179 4388 377 4485 Augustino
394 4397 541 4465 adhibita
558 4415 643 4465 esse.
675 4397 749 4466 Hoc
764 4417 842 4465 vero
859 4399 1012 4484 quamvis
1029 4399 1206 4466 verisimile
1222 4418 1334 4486 neque
1350 4402 1462 4468 tamen

183 4523 263 4578 esse
279 4504 390 4572 adbuc
400 4505 655 4590 comprobatum
668 4504 803 4592 supra2)
817 4505 894 4572 dixi.
934 4505 978 4575 Ut
991 4507 1166 4592 perspicue
1180 4503 1462 4587 demonstremus,

179 4661 228 4672 „0——-
233 4660 399 4668 ------—-—-

277 4738 299 4807 ¹)
319 4736 412 4793 Ohlm.
432 4752 492 4809 pag.
506 4737 549 4793 28.

275 4827 298 4895 ¹)
316 4841 379 4899 pag.
392 4827 417 4882 7.
