3544 5320
772 407 951 466 ..33-

311 611 522 680 Accedamus
545 611 587 680 ad
613 612 695 680 alias
717 612 1005 699 comparationes:

329 755 357 805 c.
375 735 431 805 Ac.
450 736 474 804 ll
501 736 590 823 15:1)
1074 735 1133 804 Ac.
1149 735 1189 803 ll:

268 860 391 929 Verum
414 879 490 929 cum
519 861 563 929 ita
591 879 702 929 resse
802 861 871 945 (70)
911 860 1069 928 Nominis
1111 859 1308 946 dignitatem
1346 859 1504 928 videtur

224 967 361 1035 haberet
363 1019 480 1048 ......
493 967 701 1036 exstititAn-
757 971 814 1052 (sc.
831 967 1078 1051 Antiochus),
1101 986 1176 1035 cum
1194 988 1213 1037 a
1233 967 1354 1053 reipsa
1379 967 1503 1036 descis-

225 1074 395 1155 tiocnus,
431 1075 500 1159 qui,
537 1077 572 1141 ut
605 1093 703 1141 non·
759 1078 855 1156 cerei,
891 1074 1029 1142 retinere
1063 1074 1223 1154 voluisse,
1258 1074 1351 1159 quod
1380 1076 1503 1155 erant,

226 1181 705 1267 nullisvisusest,gloriae
759 1182 826 1266 qul
855 1182 948 1255 illum
977 1181 1131 1267 gloriae
1155 1199 1256 1249 causa
1285 1179 1391 1248 tacere
1415 1181 1503 1248 dice·

226 1286 378 1373 cupidior
413 1306 514 1374 quam
546 1289 703 1368 veritatis,
759 1291 840 1354 rent.
864 1287 965 1372 (18)²)
985 1287 1132 1354 Primum
1146 1287 1226 1354 mihi
1239 1286 1410 1367 videmini,
1425 1305 1501 1354 cum

227 1395 262 1461 in
311 1394 513 1461 simultatem
567 1394 705 1461 adduxit
758 1398 913 1461 veteres
947 1394 1137 1480 physicos
1171 1394 1362 1472 nominatis,
1396 1393 1504 1460 tacere

221 1499 427 1569 Academiae
440 1502 611 1586 utriusque
628 1519 704 1568 sen·
760 1501 847 1568 idem
885 1501 977 1586 quod
1011 1499 1163 1568 seditiosi
1197 1501 1287 1568 cives
1318 1500 1427 1567 solent
1443 1550 1451 1567 .
1468 1552 1503 1568 ..

227 1677 319 1733 babile
337 1679 468 1747 sapientis
486 1678 621 1732 actionem
639 1678 742 1732 institui
761 1677 916 1743 declaravit,
935 1677 1025 1749 pergit
1042 1679 1081 1732 sic
1099 1677 1147 1731 Ac.
1158 1676 1179 1731 ll
1198 1675 1261 1732 105:
1283 1675 1374 1740 ,Haec
1388 1677 1412 1732 si
1424 1677 1505 1732 vobis

228 1780 284 1822 non
311 1767 466 1836 probamus,
495 1767 549 1820 sint
574 1781 641 1820 sane
664 1765 743 1831 laisa:
776 1767 949 1822 invidiosa
966 1767 1038 1822 certe
1057 1781 1112 1821 non
1132 1767 1205 1822 sunt.
1241 1764 1305 1820 Non
1324 1767 1397 1820 enim
1415 1765 1505 1820 iucem

230 1857 373 1926 eripimus;
400 1859 450 1910 sed
478 1870 519 1921 ea,
544 1870 614 1926 quae
632 1871 684 1911 vos
703 1859 803 1926 percipi
823 1856 1083 1925 comprehendique,
1102 1855 1200 1911 eadem
1220 1869 1279 1919 nos,
1299 1857 1322 1909 sl
1341 1854 1426 1909 modo
1444 1869 1505 1924 pro

228 1944 330 1999 babilla
357 1945 420 2010 sint,
447 1944 534 2000 videri
561 1944 704 2010 dicimus‘,
722 1960 784 2000 cum
811 1945 893 2015 paulo
919 1946 983 2000 ante
1010 1944 1095 1999 Acii
1116 1943 1167 1998 103
1185 1957 1317 1999 sensuum
1336 1941 1506 1998 fallacitatem

230 2033 266 2088 lta
281 2035 505 2105 propugnaverit:
546 2027 585 2099 ,‘.
605 2076 611 2089 .
632 2075 638 2088 .
658 2049 713 2089 non
733 2038 825 2090 inesse
844 2037 871 2089 ln
890 2035 923 2089 tis
941 2036 1085 2104 propriam,
1099 2047 1168 2102 quae
1186 2047 1322 2101 nusquam
1340 2032 1405 2087 alibi
1422 2035 1506 2098 esset,

229 2123 286 2177 veri
315 2123 343 2176 et
370 2124 457 2177 certi
482 2124 622 2188 notam“,
642 2122 768 2178 similiter
786 2124 868 2192 atque
887 2123 904 2177 l.
917 2138 940 2177 a.
954 2123 990 2177 de
1009 2124 1063 2178 nat.
1077 2123 1164 2177 deon:
1188 2122 1233 2185 ,ut
1252 2123 1278 2176 tn
1298 2123 1331 2175 tis
1349 2121 1423 2176 nulla
1442 2123 1507 2176 insit

230 2211 318 2265 certa
338 2211 474 2266 iudicandi
493 2254 499 2266 .
520 2254 526 2268 .
546 2213 623 2267 nota
646 2211 690 2280 (ct.
703 2226 766 2283 pag.
779 2211 850 2282 31).·
878 2211 975 2281 Neque
987 2212 1069 2282 igitur
1086 2212 1190 2266 temere
1210 2209 1374 2273 conficiatur,
1387 2211 1411 2264 si
1424 2210 1508 2268 modo

230 2299 286 2355 tam
304 2315 402 2371 graves
419 2303 616 2356 consensiones
630 2303 699 2356 inter
710 2301 758 2357 Ac.
772 2301 793 2356 ll
813 2300 865 2356 103
883 2315 942 2370 sqq.
958 2303 985 2354 et
1004 2301 1038 2355 N.
1049 2299 1081 2355 D.
1096 2299 1106 2353 l
1126 2298 1158 2354 12
1172 2314 1213 2370 sq.
1227 2300 1292 2354 satis
1305 2299 1508 2372 intelleguntur,

230 2387 391 2444 Ciceronem
405 2403 467 2444 eum
487 2391 576 2444 locum
593 2390 721 2445 editionis
739 2392 897 2460 posterioris
910 2391 1041 2459 spectare,
1060 2392 1105 2458 qui
1119 2388 1268 2458 respondet
1279 2389 1329 2443 Ac.
1339 2388 1360 2443 ll
1374 2388 1425 2444 103
1438 2404 1508 2459 sqq..

320 2475 401 2532 Porro
429 2479 514 2533 teneri
538 2493 652 2534 necesse
676 2480 719 2534 est
737 2481 837 2544 locum,
856 2480 902 2547 qut
921 2478 1077 2549 Augustino
1096 2493 1203 2543 vocem,
1226 2478 1357 2542 ,invidia‘
1379 2479 1509 2534 scribenti

232 2565 393 2622 obversatus
412 2568 461 2622 est.
499 2567 617 2622 Primum
648 2571 838 2638 perspeximus
870 2569 1088 2630 consensionem,
1125 2581 1196 2636 quae
1226 2568 1268 2622 est
1298 2567 1368 2622 inter
1391 2567 1509 2623 Zenonis

232 2653 419 2710 definitionem
448 2657 482 2712 ab
510 2656 666 2728 Augustino
693 2673 715 2712 c.
735 2657 783 2712 Ac.
806 2657 827 2711 ll
854 2657 884 2711 11
915 2658 942 2711 et
969 2671 985 2711 a
1014 2654 1146 2712 Cicerone
1170 2655 1219 2712 Ac.
1241 2655 1261 2710 ll
1291 2655 1324 2710 18
1348 2656 1509 2726 explicatam

231 2749 305 2815 (pag.
319 2743 374 2814 30).
394 2744 529 2813 Sequitur,
539 2747 570 2800 ut
577 2746 748 2816 Augustinus
762 2760 828 2800 usus
847 2760 909 2800 esse
928 2747 974 2799 aut
992 2744 1040 2800 Ac.
1054 2744 1074 2798 ll
1095 2745 1128 2800 18
1146 2745 1193 2799 aut
1211 2743 1309 2799 eadem
1327 2744 1402 2815 parte
1414 2744 1510 2800 editio·

232 2834 275 2887 nis
284 2835 442 2903 posterioris
451 2835 678 2903 videatur‚neque
688 2833 867 2897 verpestilio,
878 2849 939 2888 cum
950 2835 1033 2889 verba
1045 2835 1240 2904 „aueutqmov
1254 2834 1282 2888 et
1294 2831 1507 2904 ,ἀκατάληπτον

232 2922 285 2976 troc
304 2922 414 2976 demum
432 2925 494 2978 ioco
512 2938 528 2977 a
547 2922 678 2979 Cicerone
698 2925 844 2978 vertantur.
863 2922 986 2990 (Reidius
999 2937 1062 2994 pag.
1074 2921 1123 2987 54;
1135 2921 1168 2977 ct.
1181 2936 1244 2992 pag.
1257 2920 1293 2976 52
1305 2921 1380 2991 adn.)
1398 2921 1507 2978 Deinde

234 3012 315 3066 ettam
334 3027 357 3066 c.
369 3011 418 3066 Ac.
431 3011 453 3066 il
474 3010 506 3066 12
526 3012 596 3067 duos
614 3013 690 3067 locos
709 3026 771 3066 cum
791 3012 895 3066 Luculli
915 3011 974 3066 iibri
988 3010 1107 3078 duobus,
1126 3014 1172 3081 qui
1191 3013 1261 3066 inter
1272 3026 1303 3066 se
1316 3009 1424 3066 finitimi
1437 3013 1510 3077 sunt,

230 3101 416 3171 congruentes
443 3101 596 3156 statuimus.
642 3101 709 3164 Tum
740 3101 785 3156 ilia
812 3100 959 3165 conclusio,
992 3115 1063 3169 quae
1090 3115 1124 3154 ex
1147 3115 1190 3166 eo,
1213 3100 1289 3168 quod
1316 3100 1385 3155 nibil
1408 3102 1510 3170 percipi

233 3188 333 3258 potest,
351 3190 524 3258 sequebatur,
543 3190 694 3260 sapientem
713 3203 853 3258 nunquam
871 3189 1021 3259 approbare
1039 3189 1073 3259 (c.
1086 3189 1135 3244 Ac.
1146 3189 1167 3244 ll
1189 3189 1242 3258 ll),
1254 3204 1288 3244 ex
1299 3189 1348 3245 Ac.
1361 3189 1382 3244 ll
1395 3188 1511 3255 66-68,

233 3277 280 3331 ubi
299 3281 411 3347 copiose
435 3279 463 3332 et
486 3278 604 3333 dilucide
623 3279 746 3349 exposita
766 3279 808 3344 sit,
827 3276 907 3332 tacite
925 3277 1047 3347 depromi
1066 3279 1162 3346 potuit.
1200 3278 1302 3347 ltaque,
1322 3292 1511 3347 quaecumque

233 3380 249 3421 a
267 3365 386 3421 Zenonis
414 3366 574 3424 delinitione
602 3368 638 3422 de
663 3367 887 3422 Academicorum
911 3365 1015 3435 placitis
1038 3382 1060 3421 c.
1078 3365 1125 3420 Ac.
1144 3366 1165 3421 it
1185 3367 1215 3421 11
1237 3367 1266 3422 et
1286 3367 1319 3420 12
1346 3381 1511 3421 commemo·

232 3456 331 3522 rantur,
350 3455 464 3510 Lucullo
486 3457 555 3511 libro
582 3457 752 3511 continentur
775 3456 828 3511 hoc
851 3457 965 3525 excepto
996 3455 1080 3521 ,Hinc
1100 3457 1140 3509 eis
1159 3455 1260 3510 invidia
1279 3469 1377 3526 magna
1394 3453 1511 3510 conflata

234 3548 303 3601 est·.
345 3541 374 3600 Si
401 3560 474 3600 nunc
500 3547 672 3615 opinaremur
701 3545 864 3601 Academica
894 3547 981 3614 priora
1011 3545 1116 3600 iontem
1142 3544 1288 3616 Augustini
1315 3543 1410 3610 tuisse,
1438 3544 1511 3600 illam

235 3647 333 3688 vocem
355 3634 488 3698 ,invidia·
518 3649 553 3689 ex
580 3633 677 3690 Catulo
695 3633 859 3705 profiuxisse
887 3635 1053 3702 sequeretur.
1095 3632 1191 3702 Neque
1209 3633 1300 3688 tamen
1327 3634 1396 3688 baec
1417 3634 1513 3704 opinio

235 3722 389 3778 verisimilis
426 3725 469 3778 est
505 3725 621 3778 maxime
657 3724 710 3778 boc
746 3722 930 3778 considerato:
976 3724 1040 3792 post
1076 3721 1148 3777 iiiam
1185 3721 1357 3786 sententiam,
1393 3723 1421 3776 in
1459 3737 1512 3792 qua

238 3811 369 3874 ,invidla‘
399 3827 455 3866 vox
481 3812 603 3867 adbibita
626 3801 676 3878 est,
700 3813 820 3883 pergitur
837 3813 889 3868 ita:
915 3811 1075 3876 ,videbatur
1093 3812 1179 3865 enlm
1199 3824 1262 3864 esse
1281 3824 1464 3879 consequens,
1483 3813 1513 3865 ut

235 3899 302 3954 nihil
320 3902 420 3971 ageret,
440 3902 486 3970 qui
504 3901 572 3955 nibil
590 3901 779 3970 approbaret¹.
816 3900 957 3956 Vocabuio
976 3901 1067 3955 autem
1083 3901 1197 3964 ,entm‘,
1214 3913 1276 3954 cum
1294 3913 1403 3954 causam
1416 3899 1511 3954 atterat

234 3988 364 4056 invidiae,
391 3989 524 4044 indicatur
545 3989 616 4044 banc
634 3993 661 4044 in
680 3990 829 4061 Augustini
847 3990 966 4045 mentem
985 3989 1113 4044 incidisse
1133 4003 1168 4042 ex
1185 3989 1338 4054 sententiis,
1358 4003 1428 4058 quae
1446 3989 1511 4044 sub·

235 4079 392 4147 sequuntur.
438 4076 499 4132 Hae
527 4081 592 4133 sunt
618 4093 676 4142 eae,
705 4093 775 4148 quae
802 4092 864 4133 cum
892 4077 1001 4132 duobus
1028 4077 1133 4132 Luculli
1155 4077 1223 4132 iocis
1249 4078 1306 4132 tam
1332 4077 1425 4147 aperte
1448 4091 1513 4133 con·

236 4167 339 4222 cinunt.
377 4165 461 4222 Paulo
488 4181 554 4222 vero
581 4168 644 4222 ante
671 4168 723 4222 bos
751 4169 828 4237 ipsos
855 4166 974 4238 legimus
1000 4166 1176 4230 ,invidiosa‘.
1214 4163 1294 4232 Quae
1317 4180 1379 4220 cum
1403 4167 1439 4220 ita
1457 4168 1512 4228 sint

236 4269 330 4325 neque
352 4256 485 4320 ,invidia‘
506 4256 672 4312 vocabulum
691 4257 719 4310 in
737 4256 756 4325 ξ
776 4255 809 4311 12
828 4255 887 4311 libri
907 4255 935 4310 ll.
949 4255 1028 4311 c.Ac.
1041 4257 1093 4311 nisi
1113 4255 1264 4310 imitatione
1278 4253 1418 4309 Ciceronis
1438 4255 1511 4310 illabi

236 4345 365 4414 potuerit,
389 4346 455 4400 satis
482 4345 549 4400 mihi
573 4345 681 4401 videtur
707 4346 800 4416 patere
827 4359 888 4400 eam
915 4347 1019 4414 partem
1046 4344 1177 4400 editionis
1194 4343 1351 4414 posterioris
1368 4342 1512 4398 Academi-

234 4447 328 4488 corum
357 4434 392 4488 ab
418 4434 575 4505 Augustino
603 4448 667 4489 esse
694 4434 864 4504 exscriptam,
892 4447 962 4502 quae
995 4432 1179 4502 respondebat
1200 4431 1248 4487 Ac.
1265 4431 1287 4486 ll
1307 4430 1358 4486 105
1376 4445 1446 4501 sqq,
1464 4431 1511 4485 ubi

234 4505 334 4578 Cicero
352 4537 402 4593 pro
421 4523 557 4578 adiectivo
579 4524 775 4587 ,invidiosum‘
797 4511 1002 4578 substantivum
1020 4522 1152 4587 ,invtdla·
1173 4521 1325 4576 collocavit.

325 4611 349 4680 1)
367 4611 442 4666 Haec
456 4611 570 4667 contulit
583 4612 611 4673 R.
625 4611 748 4683 libyen,
761 4608 1215 4678 DteHeilsIehre',Bonnae1897,
1228 4623 1290 4680 pag.
1303 4608 1352 4673 58;
1362 4607 1511 4672 Kriscbius,

235 4714 298 4772 pag.
315 4699 373 4756 166.

325 4788 349 4858 ²)
368 4789 469 4846 Hirzel.
488 4805 550 4861 pag.
564 4788 625 4846 252.
