3544 5320
789 328 968 400 *23*

239 533 390 601 affirmet.
432 533 499 602 Sed
523 533 606 601 inter
630 552 667 601 se
691 536 868 620 utrumque
893 532 1022 619 anquiri
1046 532 1125 612 vult,
1151 531 1303 618 possitne
1326 531 1359 598 id
1384 529 1518 631 reperiri

239 659 283 708 an
318 623 399 720 non,
429 659 504 734 cum
535 641 607 726 ipse
635 640 750 708 multis
779 639 984 736 argumentis
1008 617 1285 720 Academicorum
1315 627 1515 706 sententiam

239 747 406 815 revincere
441 747 588 831 possit.
615 747 686 830 (24)
721 744 773 814 Ab
802 747 904 814 altero
937 747 1170 833 reprehensus,
1207 744 1323 833 quod
1335 744 1517 828 verborum

239 853 497 925 controuersiam
533 854 677 940 sectatus
705 852 758 934 sit,
788 853 970 950 respondet
995 851 1217 921 Academicos
1244 850 1348 919 tuisse
1373 851 1518 918 idoneos

241 961 299 1046 qui
334 960 477 1046 singulis
511 959 610 1046 rebus
646 963 724 1046 apta
760 960 972 1058 imponerent
999 960 1147 1029 nomina.
1198 957 1311 1042 ltaque
1339 975 1415 1024 cum
1450 947 1517 1044 sibi

241 1084 441 1153 persuasum
466 1067 508 1133 sit
536 1066 629 1133 illos
636 1066 854 1134 occultandae
878 1083 979 1133 causa
1001 1065 1187 1155 sententiae
1211 1065 1255 1132 ita
1278 1064 1414 1144 dixisse,
1438 1073 1515 1151 pro-'

237 1173 336 1240 ximis
360 1172 638 1258 explicationibus
654 1173 688 1240 id
713 1191 749 1240 se
773 1176 996 1264 spectaturum
1021 1190 1106 1253 esse,
1132 1174 1167 1239 ut
1190 1171 1337 1257 proterat
1357 1171 1515 1270 primum,

243 1297 348 1367 ,quae
372 1282 415 1346 ab
431 1280 480 1346 eis
495 1283 668 1373 tamquam
685 1280 928 1367 cognitionis
912 1278 1104 1356 humanae
1095 1278 1239 1362 mimicis
1256 1278 1341 1345 dicta
1358 1265 1515 1376 homines

238 1388 386 1472 putant‚“
413 1385 536 1454 deinde
559 1404 646 1471 quae
669 1404 746 1454 vere
770 1386 816 1453 illi
840 1387 1015 1454 senserint
1103 1427 1106 1443 .-

326 1509 518 1595 Disputatio
542 1511 705 1590 secunda·
734 1511 786 1578 De
820 1511 991 1578 verisimili
1026 1510 1079 1578 vel
1114 1509 1281 1596 probabili
1304 1510 1372 1593 §§
1370 1509 1512 1576 25-30.

237 1616 306 1700 (25)
330 1615 472 1704 Alypius
495 1617 538 1684 de
560 1618 671 1686 verbis
694 1617 887 1685 certandum
911 1636 980 1698 non
1003 1634 1077 1685 esse
1105 1616 1223 1684 iterum
1240 1617 1370 1702 premit.
1405 1615 1515 1698 Quod

239 1725 276 1791 ut
298 1723 444 1816 dilucide
461 1723 616 1811 explanet
639 1723 850 1811 Augustinus
873 1723 1101 1792 auctoritatem
1125 1722 1299 1791 Ciceronis
1322 1741 1511 1808 provocans

237 1831 428 1917 exemplum
460 1830 633 1916 quoddam
668 1830 815 1910 adhibet,
850 1849 920 1916 quo
949 1830 1165 1911 demonstret,
1194 1829 1293 1917 quale
1328 1829 1375 1896 illl
1402 1831 1512 1897 visum

238 1938 281 2005 sit
308 1938 493 2024 probabile.
539 1936 667 2006 Tamen
695 1937 864 2006 Licentius
892 1939 926 2004 in
953 1940 974 2023 §
998 1938 1041 2005 27
1070 1938 1138 2005 veri
1162 1936 1271 2018 simile
1295 1936 1415 2019 iisdem
1438 1936 1514 2004 telis

235 2047 422 2131 oppugnat,
457 2045 582 2131 quibus
610 2046 652 2130 §§
688 2044 818 2114 17-20
838 2043 1050 2131 Augustinus
1078 2044 1299 2132 oppugnavit,
1330 2044 1444 2130 itaque
1468 2043 1511 2110 ab

234 2149 356 2238 Alypio
380 2151 450 2238 (28)
472 2152 686 2220 vehementer
708 2149 967 2238 reprehenditur.
998 2152 1175 2220 Postremo
1188 2150 1410 2237 Augustinus,
1435 2168 1511 2218 cum

236 2257 306 2344 (29)
329 2258 567 2344 disputationis
589 2258 694 2326 linem
717 2258 1063 2345 iecerit’promulgat
1083 2259 1118 2326 in
1141 2261 1163 2342 §
1186 2257 1230 2325 30
1252 2257 1317 2326 sibi
1340 2261 1411 2324 tum
1435 2275 1512 2343 pro·

235 2364 384 2450 positum
409 2382 494 2446 esse,
518 2367 555 2433 ut
571 2369 709 2452 quaerat
724 2383 838 2434 nonne
865 2366 1015 2443 ,illorum
1032 2367 1091 2448 (sc.
1108 2363 1399 2450 Academicorum)
1415 2381 1512 2450 argu·

235 2471 356 2540 mentis
392 2457 565 2557 probabile
605 2473 646 2539 sit
674 2473 757 2540 nihil
785 2473 909 2624 percipi
934 2490 1035 2568 posse
1060 2490 1099 2540 ac
1122 2472 1203 2539 nulli
1228 2472 1273 2538 rei
1297 2489 1374 2574 esse
1398 2488 1511 2538 assen-

234 2576 417 2646 tiendum&

323 2684 422 2751 Liber
444 2683 490 2752 Ill.
536 2684 731 2771 Disputatio
751 2618 863 2752 tertia:
902 2687 944 2770 §§
971 2685 1090 2752 1-6,
1112 2684 1145 2772 a)
1169 2684 1351 2772 Praelusio.
1399 2685 1509 2752 Prius·

234 2806 336 2875 quam
363 2789 574 2876 Augustinus
602 2811 671 2859 rem
700 2792 808 2876 ipsam
838 2795 1021 2878 pertractat,
1046 2793 1132 2860 sitne
1156 2811 1244 2878 opus
1268 2792 1399 2860 fortuna
1423 2793 1511 2879 sapi·

232 2897 343 2964 entiae
377 2897 541 2977 studioso,
576 2901 612 2966 ut
642 2899 729 2966 hanc
756 2901 963 2984 assequatur,
987 2917 1030 2966 an
1055 2917 1136 2979 non,
1165 2899 1353 2984 disputatur
1381 2889 1509 2986 (244).Ι

232 3002 268 3087 b)
292 3002 469 3085 Quaeritur
490 3022 604 3071 nonne
627 3005 763 3089 sapiens
786 3023 901 3074 verum
925 3005 1018 3073 sciat.
1057 3006 1122 3081 Res
1143 2997 1388 3102 suscipiturtb)
1405 3024 1508 3092 expo·

231 3110 356 3191 nendo,
391 3109 566 3195 quomodo
596 3111 731 3197 sapiens
759 3114 792 3178 et
820 3111 993 3180 studiosus
1028 3113 1112 3180 inter
1139 3131 1175 3181 se
1211 3113 1343 3194 distent,
1373 3131 1413 3180 ex
1437 3130 1507 3199 quo

231 3215 371 3284 efficitur
393 3217 580 3314 sapientem
604 3218 728 3286 habere
751 3219 961 3314 sapientiam,
986 3219 1007 3286 i.
1024 3237 1053 3287 e.
1070 3238 1140 3287 non
1164 3219 1247 3287 nibil
1270 3220 1353 3290 scire
1379 3220 1504 3305 itaque,

233 3340 309 3389 curn
344 3341 447 3391 nemo
475 3323 559 3391 falsa
587 3324 679 3405 sciat,
706 3324 875 3393 veritatem
900 3326 993 3393 scire.
1039 3325 1114 3394 Hoc
1135 3325 1277 3414 Alypius
1301 3344 1507 3412 quamquam

232 3428 280 3517 (6)
232 3429 458 3512 (concedit
481 3430 625 3516 sapienti
649 3449 751 3518 posse
774 3419 889 3514 videri,
913 3435 1082 3501 attamen
1106 3433 1231 3502 iudicat
1246 3433 1407 3524 interesse
1424 3434 1509 3501 inter

233 3535 296 3602 sibi
320 3537 403 3605 scire
425 3537 529 3604 videri
554 3540 586 3606 et
609 3539 701 3605 scire.
839 3599 840 3604 ,

320 3643 512 3729 Disputatio
536 3647 666 3730 quarta:
690 3648 733 3730 (ᾗ
748 3645 868 3714 8-45.
893 3645 1051 3733 Colloqui
1068 3649 1211 3733 pergunt
1227 3603 1304 3733 post
1327 3647 1506 3732 prandium

232 3749 382 3817 eiusdem
406 3750 485 3818 diei
531 3754 564 3834 a)
588 3751 751 3820 Probatur
778 3754 964 3840 sapientem
988 3771 1103 3821 verum
1127 3754 1221 3822 scire
1267 3752 1323 3840 (8)
1338 3753 1507 3822 Intellecto

231 3855 277 3936 id,
313 3855 406 3942 quod
440 3857 531 3924 alteri
563 3858 774 3927 manifestum
804 3859 856 3941 sil,
885 3860 1065 3928 obscurum
1095 3860 1200 3928 videri
1229 3860 1342 3941 altero,
1365 3859 1508 3948 Alypius

232 3961 424 4030 adhortatur
452 3963 691 4050 Augustinum,
727 3968 763 4033 ut
797 3966 885 4034 idem
926 3967 1085 4054 sibiipsi
1120 3986 1257 4054 quoque
1292 3968 1507 4054 perspicuum

230 4067 337 4136 iaciat.
383 4069 473 4157 Ergo
497 4071 551 4139 ille
575 4072 755 4159 intenogat
777 4072 947 4161 Alypium,
972 4077 1161 4142 utrumnam
1186 4075 1217 4142 ei
1240 4075 1392 4142 videatur
1418 4074 1507 4161 sapi·

234 4175 357 4243 entiam
393 4178 476 4245 scire
511 4179 648 4266 sapiens
681 4178 903 4248 Academicus
938 4199 981 4251 an
1011 4200 1092 4263 non,
1116 4182 1145 4248 is
1167 4200 1246 4250 vero
1269 4177 1508 4269 Augustinum,

234 4286 426 4370 quaeratne,
462 4288 570 4353 utrum
600 4286 736 4370 sapiens
772 4287 835 4355 sibi
867 4288 1019 4355 videatur
1050 4289 1133 4356 scire
1163 4307 1208 4356 an
1233 4289 1329 4369 sciat;
1368 4289 1506 4356 alterum

232 4391 322 4458 enim
347 4391 480 4459 alterius
503 4410 523 4459 a
546 4410 583 4460 se
607 4393 868 4461 dissimillimum
892 4395 1017 4462 haberi.
1056 4397 1104 4480 (9)
1127 4395 1245 4463 lterum
1282 4396 1507 4482 interrogatus

230 4496 373 4583 explicat
396 4498 460 4566 sibi
484 4498 587 4567 videri
611 4499 702 4568 illam
726 4499 808 4568 scire
832 4500 986 4586 sapienti
998 4501 1111 4568 videri.
1147 4499 1233 4568 Tum
1250 4501 1398 4582 demum,
1415 4504 1506 4588 post-

231 4621 332 4688 quam
367 4602 575 4691 Augustinus
610 4606 691 4674 dixit
727 4607 921 4693 responderi
956 4625 994 4675 se
1021 4608 1116 4688 velle,
1132 4626 1216 4675 non
1252 4607 1332 4694 quid
1358 4607 1505 4693 sapienti

228 4710 403 4792 videretur,
440 4707 500 4778 se'd
535 4730 617 4778 num
651 4714 788 4798 sapiens
823 4714 906 4782 scire
940 4714 1139 4799 sapientiam
1174 4712 1296 4802 Alypio
1330 4708 1505 4796 videretur,
