3544 5320
850 372 1029 432 ..36-

300 577 489 666 responsio,
502 595 590 662 quae
603 578 871 663 subsequebatur
883 576 1056 645 Ciceronis
1072 577 1336 663 disputationem
1354 575 1410 644 Ac.
1424 574 1493 643 143
1506 593 1587 661 sqq.

301 686 466 766 habitam,
501 685 535 752 in
560 685 670 771 priore
693 684 842 753 editione
866 683 987 754 Catulo
1012 685 1096 752 libro
1123 683 1299 752 tribuenda
1327 687 1429 762 esset,
1466 683 1518 751 bis
1546 683 1582 750 in

300 792 363 861 hac
390 791 478 859 idem
508 796 742 877 argumentum
778 791 966 860 adhibitum
1001 795 1104 871 esset,
1139 791 1241 875 idque
1277 792 1311 859 in
1341 789 1462 858 Catulo
1496 791 1584 858 libro

300 901 333 966 et
357 898 483 967 Luculli
512 900 551 984 ἐξ
579 898 716 967 13-15.
763 897 805 966 At
839 899 904 966 hoc
936 898 1059 966 iactum
1095 915 1169 966 esse
1204 916 1274 965 non
1308 896 1487 965 verisimile
1522 900 1584 968 est.

300 1003 391 1091 Ergo
415 1006 477 1073 hac
500 1023 638 1091 quoque
661 1005 704 1073 de
727 1023 828 1073 causa
853 1005 1038 1092 posteriora
1060 1004 1260 1073 Academica
1284 1003 1427 1071 auctoris
1454 1003 1582 1070 iontem

300 1111 405 1179 luisse
428 1111 576 1180 ellicitur.

390 1217 500 1286 Grave
528 1238 608 1288 vero
642 1222 878 1306 argumentum
907 1219 949 1286 ad
986 1219 1089 1286 linem
1120 1217 1293 1286 reservavi.
1341 1215 1379 1284 C.
1396 1216 1454 1285 Ac.
1471 1213 1515 1283 III
1538 1216 1586 1282 24

299 1324 509 1412 Augustinus
544 1326 769 1395 adversarium
806 1327 850 1394 ita
879 1326 1012 1394 refutat:
1051 1324 1106 1404 ,Si
1130 1328 1241 1393 autem
1265 1325 1345 1403 hoc,
1382 1323 1476 1407 quod
1500 1324 1583 1392 mihi

300 1431 440 1512 videtur,
465 1451 570 1519 negas
594 1433 759 1500 mundum
780 1451 866 1515 esse,
891 1432 932 1499 de
950 1432 1088 1500 nomine
1104 1430 1364 1500 controversiam
1389 1431 1481 1512 lacis,
1505 1449 1583 1497 cunr

300 1538 333 1606 id
369 1557 388 1605 a
424 1558 478 1607 me
518 1539 655 1607 dixerim
695 1539 859 1607 mundum
894 1537 1071 1626 vocari“¹).
1129 1539 1315 1624 Fingamus
1353 1537 1582 1624 Augustinum
1714 1541 1717 1546 ’

301 1644 364 1713 hoc
403 1649 636 1732 argumentum
676 1665 717 1714 ex
758 1645 918 1724 ,Catulo“
960 1645 1158 1732 sumpsisse.
1228 1644 1374 1713 Primum
1414 1644 1479 1712 tale
1517 1644 1586 1711 nisi

301 1752 344 1818 ab
384 1751 574 1820 aduersario
612 1752 889 1822 Academicorum
936 1752 1072 1839 prolerri
1119 1769 1189 1819 non
1235 1751 1387 1838 potuisse
1433 1755 1586 1837 apparet.

299 1857 431 1927 Deinde
454 1877 529 1926 curn
555 1859 598 1928 de
625 1861 735 1928 verbis
758 1861 862 1927 rixam
888 1859 1090 1927 movendam
1119 1877 1189 1926 non
1214 1875 1290 1926 esse
1313 1857 1409 1944 quasi
1442 1876 1503 1943 pro
1526 1876 1584 1924 ex·

302 1965 433 2048 plorato
466 1967 638 2047 habeatur,
677 1967 743 2033 iam
778 1970 875 2034 antea
910 1966 1082 2054 copiosius
1119 1967 1185 2033 hoc
1218 1965 1329 2052 ipsum
1364 1965 1585 2034 constitutum

299 2089 374 2140 esse
402 2074 592 2142 necessario
622 2074 780 2159 sequitur.
827 2073 932 2156 Quod
966 2073 1088 2142 iactum
1124 2090 1201 2141 esse
1233 2072 1269 2139 in
1297 2070 1420 2140 Catulo
1447 2069 1588 2159 supra2)

183 2179 188 2196 '
299 2179 472 2247 evicimus.
527 2179 593 2249 Sed
624 2181 658 2248 id
686 2167 824 2266 quoque
851 2181 959 2249 elucet
994 2182 1055 2247 has
1089 2179 1337 2266 disputationes
1369 2180 1403 2246 in
1434 2182 1586 2246 extrema

260 2305 261 2308 ¹
300 2285 400 2353 huius
429 2287 501 2354 libri
538 2290 629 2374 parte
663 2285 828 2373 nabitaslt
864 2305 975 2373 neque
1009 2287 1076 2354 iam
1112 2290 1191 2373 post
1219 2284 1416 2354 Ciceronem
1451 2287 1493 2353 ab
1524 2285 1584 2352 ad-

298 2393 444 2461 uersario
468 2398 582 2462 contra
610 2382 735 2463 dictum
760 2413 845 2463 esse.
893 2392 953 2462 Sin
979 2397 1091 2461 tamen
1121 2393 1186 2463 hoc
1211 2393 1283 2460 lieri
1312 2393 1464 2478 potuisse
1491 2392 1586 2477 quis-

299 2498 389 2584 piam
419 2500 590 2587 opinetur,
625 2520 694 2571 non
730 2502 906 2587 intellego,
941 2519 999 2568 cur
1032 2499 1113 2568 illud
1153 2501 1311 2580 ,celare“‚
1329 2500 1440 2583 'quod
1468 2499 1587 2566 attinet

265 2685 267 2693 y
298 2606 463 2675 uocabula
496 2609 565 2676 veri
600 2609 708 2677 simile
743 2612 775 2676 et
813 2608 997 2695 probabile,
1031 2603 1196 2675 Acllso
1218 2607 1356 2675 demum
1392 2627 1411 2674 a
1444 2605 1584 2673 Lucullo

298 2713 464 2782 referatur.
511 2714 624 2800 ltaque
647 2715 729 2783 illud
753 2719 986 2802 argumentum
1015 2733 1085 2782 non
1109 2733 1150 2782 ex
1174 2714 1344 2801 prioribus
1361 2713 1584 2792 Academicis,

298 2820 359 2888 sed
383 2821 620 2891 tantummodo
642 2841 684 2890 ex
707 2821 791 2890 libro
806 2819 860 2889 ΠΙ.
884 2822 1108 2907 posteriorum
1131 2821 1369 2908 depromptum
1387 2839 1460 2889 esse
1479 2838 1586 2907 posse

299 2929 520 2997 certissimum
546 2930 668 2997 iudico.

921 3123 960 3192 C.

389 3265 460 3334 Tali
485 3268 589 3336 modo
605 3266 784 3354 Augustini
808 3267 1089 3354 explicationibus
1111 3270 1195 3334 recte
1213 3266 1247 3333 in
1265 3264 1437 3334 Ciceronis
1455 3265 1584 3334 Acade·

300 3372 386 3440 mica
421 3374 595 3460 dispositis
630 3393 743 3442 earum
779 3375 934 3460 partium,
972 3392 1059 3460 quae
1090 3373 1239 3460 perditae
1274 3376 1361 3454 sunt,
1385 3373 1584 3459 gravissima

301 3479 438 3565 quidem
474 3482 621 3549 restituta
656 3499 730 3549 esse
770 3484 864 3567 puto.
926 3479 993 3549 Sed
1032 3481 1173 3548 tortasse
1212 3481 1310 3547 etiam
1350 3480 1393 3547 de
1432 3481 1583 3548 editione

301 3586 486 3671 posteriore
510 3587 672 3655 nonnulla
693 3606 783 3656 nunc
802 3587 980 3682 perspicua
998 3590 1086 3668 sunt,
1116 3604 1203 3671 quae
1220 3587 1330 3654 adhuc
1346 3587 1428 3654 mihi
1445 3587 1582 3671 quidem

300 3711 370 3760 non
394 3694 582 3762 constitisse
605 3695 769 3762 videntur.
821 3681 829 3696 ”

387 3797 516 3878 lamen
541 3819 645 3868 unum
670 3804 779 3881 restat,
803 3800 898 3887 quod
910 3801 1008 3868 valde
1032 3800 1251 3868 memorabile
1275 3803 1339 3868 est:
1364 3818 1449 3885 quas
1472 3804 1584 3887 partes

299 3905 439 3974 Catulus
463 3906 497 3973 in
521 3907 647 3975 amisso
671 3906 810 3995 dialogo
834 3908 960 3994 egerit?
984 3908 1035 3975 De
1060 3908 1123 3975 hac
1147 3925 1181 3975 re
1204 3908 1264 3974 viri
1288 3907 1473 3976 doctissimi
1498 3908 1584 3974 inter

300 4031 336 4080 se
361 4013 608 4097 dissentiunt4).
662 4013 782 4099 Neque
806 4016 872 4082 hoc
895 4015 1016 4081 mirum
1040 4017 1100 4082 est.
1158 4013 1181 4080 li
1215 4015 1307 4083 enim
1343 4015 1470 4083 Luculli
1506 4015 1584 4094 loci,

298 4119 424 4204 quibus
448 4118 587 4188 Catulus
612 4124 790 4207 spectatur,
815 4122 1009 4207 perobscuri
1033 4123 1121 4202 sunt,
1146 4121 1228 4204 quin
1253 4121 1354 4188 etiam
1385 4140 1428 4189 ne
1456 4125 1582 4190 certum

301 4226 449 4312 quidem,
473 4227 566 4312 quod
583 4227 617 4294 in
634 4227 808 4296 codicibus
829 4227 985 4314 legimus.
1024 4225 1163 4295 Catulus
1184 4227 1283 4314 igitur
1300 4231 1408 4295 utrum
1425 4227 1583 4296 Antiochi

389 4424 413 4490 ¹)
432 4422 465 4478 ci.
483 4437 545 4494 pag.
564 4421 607 4478 56.

307 4565 310 4574 ,
389 4510 412 4582 2)
431 4526 494 4584 pag.
514 4511 557 4568 78.
624 4567 626 4572 ,

390 4602 413 4669 ³)
432 4615 495 4674 pag.
515 4602 559 4667 81,
578 4601 621 4657 84.

385 4690 410 4760 ⁴)
429 4689 568 4750 Krischlus
588 4704 651 4762 pag.
674 4690 724 4745 142
745 4703 819 4759 sqq.;
853 4689 963 4749 Reidius
990 4704 1055 4761 pag.
1082 4688 1118 4744 49
1138 4704 1212 4759 sqq.;
1242 4690 1390 4746 llirzelius:
1422 4689 1534 4757 Quaest.
1549 4688 1586 4744 111

298 4779 352 4837 279
364 4793 419 4849 sq.;
448 4781 580 4837 loercher
599 4795 661 4852 pag.
681 4779 734 4836 284
747 4794 798 4849 sq..
