3544 5320
741 373 920 434 ..41-

185 578 248 662 §3
272 577 386 646 allato:
425 577 590 654 „Namut
619 580 692 648 sine
715 580 791 647 navi
813 580 1090 668 ...Aegaeum
1119 600 1210 650 mare
1233 600 1334 652 nemo
1362 587 1467 652 trans-

193 685 300 764 mittit,
410 685 453 752 ita
477 685 632 772 quisquis
655 685 699 754 ad
721 686 906 773 sapientiae
928 690 1061 774 portum
1087 738 1121 756 ..
1146 673 1297 768 uoluerit,
1411 708 1469 759 ne·

186 789 369 860 cessariam
393 792 474 860 mihi
496 791 649 860 videtur.
669 843 702 860 ..
727 793 849 862 habere
865 794 1062 863 fortunam!
1100 793 1232 863 Etenim
1250 797 1369 864 mirum
1386 800 1469 885 puto

191 901 235 966 ab
257 897 448 985 Augustino
478 900 622 986 exempli
650 917 752 968 causa
780 918 871 972 mare
903 899 1099 970 Graecum
1129 901 1246 983 alieni,
1281 904 1380 989 quasi
1413 903 1469 971 illa

188 1009 298 1074 aetate
327 1007 393 1074 hoc
419 1005 583 1075 celebrius
611 1007 679 1076 alio
707 1007 830 1094 quouis
859 1006 1014 1082 Romano
1041 1008 1147 1076 luerit.
1203 1009 1315 1096 Magis
1350 1009 1468 1095 utique

190 1115 263 1180 erat
286 1115 550 1182 consentaneum
575 1131 664 1194 eum,
693 1113 808 1200 quiin
836 1114 927 1182 ltalia
955 1113 1135 1183 Casslciaci
1163 1115 1251 1184 hanc
1273 1115 1470 1203 disputatio·

195 1236 272 1288 nem
296 1218 442 1298 haberet,
471 1237 562 1291 mare
589 1219 761 1306 quoddam
790 1221 975 1290 occidentis
1003 1221 1094 1290 orbis
1123 1223 1308 1290 nominare.
1355 1223 1470 1310 ltaque

191 1343 237 1392 ne
258 1326 322 1394 hoc
338 1325 476 1412 quidem
499 1326 576 1394 loco
588 1326 769 1413 Augustini
785 1328 947 1396 rationem
972 1328 1072 1413 plane
1096 1329 1254 1416 intellego
1270 1329 1334 1397 nisi
1357 1347 1472 1398 euma

195 1430 359 1501 Cicerone
382 1432 463 1501 illud
486 1434 678 1521 exemplum
695 1435 884 1520 suspicatus
908 1435 1072 1515 hausisse,
1088 1453 1189 1520 quem
1206 1436 1318 1522 ipsum
1335 1435 1473 1506 Graecis

192 1540 386 1608 auctoribus
409 1541 443 1607 in
467 1540 598 1626 scriptis
621 1540 858 1629 philosophiae
875 1559 980 1609 usum
1004 1559 1080 1610 esse
1104 1542 1185 1611 satis
1208 1546 1350 1612 constat.
1489 1619 1492 1626 ,

284 1661 382 1742 Quae
414 1683 492 1732 cum
529 1665 586 1733 ita
607 1665 684 1744 sint,
720 1665 817 1734 lacile
852 1665 972 1734 adduci
1007 1683 1203 1752 possumus,
1236 1670 1272 1734 ut
1298 1666 1473 1751 credamus

195 1769 289 1836 illum
319 1768 490 1839 Hortensii
517 1771 700 1840 sententias
728 1772 782 1839 hic
810 1772 963 1858 prolene.
1009 1771 1061 1841 Eo
1086 1791 1223 1860 quoque
1250 1774 1325 1841 talis
1353 1772 1473 1860 opinio

171 1877 418 1958 confirmetur,
443 1878 537 1964 quod
560 1882 597 1947 ut
618 1878 674 1946 hic
695 1878 740 1946 ita
757 1878 798 1946 -in
814 1878 995 1947 Hortensio
1012 1879 1054 1948 de
1069 1880 1201 1948 fortuna
1217 1878 1342 1964 dictum
1360 1883 1436 1948 erat.
1446 1877 1473 1967 1)

195 1983 445 2064 Vemmtamen,
479 1985 507 2052 si
540 1985 598 2054 illo
629 1984 733 2053 modo
765 1986 1053 2067 concluderemus,
1082 2004 1186 2054 unum
1211 1986 1293 2053 mihi
1317 1987 1474 2083 explicari

192 2108 266 2158 non
290 2109 392 2177 posse
414 2091 589 2160 videretur.
636 2090 735 2174 Quae
751 2093 840 2160 enim
864 2091 909 2178 (ξ
924 2092 1013 2160 2-4
1036 2092 1252 2173 disseruntur,
1277 2093 1320 2161 ad
1337 2081 1472 2181 sapien·¹

192 2201 263 2265 tem
298 2201 332 2266 et
364 2199 548 2285 sapientiae
582 2198 770 2267 studiosum
806 2199 982 2285 pertinent,
1009 2202 1046 2266 ut
1074 2202 1188 2290 aperte
1222 2200 1416 2286 exprimitur
1439 2201 1474 2267 in

136 2297 139 2308 '
194 2304 271 2392 §32
298 2303 411 2382 ,Dicis
427 2323 508 2392 ergo
525 2356 556 2378 ..
579 2305 746 2374 fortunam
771 2324 846 2374 esse
869 2305 1090 2374 necessariam
1108 2299 1262 2374 studioso
1279 2306 1475 2394 sapientiae,

198 2411 343 2497 sapienti
366 2419 607 2499 vero·negas.“
656 2413 678 2500 ἓ
702 2413 723 2481 5
747 2417 859 2482 autem
883 2414 928 2480 ita
950 2413 1078 2498 incipit,
1112 2417 1148 2480 ut
1175 2415 1362 2498 quaeratur,
1393 2412 1475 2500 quid

195 2518 284 2586 inter
304 2519 491 2604 sapientem
508 2523 540 2587 et
556 2520 798 2605 philosophum
814 2520 924 2587 distel.
970 2517 1189 2606 Quamquam
1210 2519 1310 2606 igitur
1325 2519 1371 2607 ἐξ
1386 2520 1476 2587 2-4

199 2643 218 2692 a
248 2642 283 2693 re
314 2626 424 2695 aliena
455 2627 626 2712 praebent,
655 2631 767 2696 tamen
803 2645 862 2694 eas
898 2625 1152 2713 quodammodo
1187 2628 1363 2695 cohaerere
1398 2644 1475 2694 cum

199 2730 245 2818 ἓξ
267 2731 289 2798 5
312 2749 387 2818 sqq.
411 2731 667 2801 concedendum
691 2737 752 2801 est.
799 2733 873 2802 Hoc
903 2752 971 2819 quo
1000 2733 1110 2818 magis
1138 2732 1356 2818 intellegatur,
1385 2730 1477 2818 prius

196 2855 327 2918 eorum,
347 2856 434 2925 quae
456 2839 515 2923 §5
539 2841 759 2921 continentur,
783 2840 875 2926 apud
890 2839 1086 2908 Ciceronem
1111 2839 1233 2907 similia
1258 2839 1476 2925 inquiramus.

198 2943 305 3012 Cuius
328 2963 404 3013 esse
427 2947 623 3014 imitatorem
647 2947 774 3015 ibidem
790 2946 1016 3033 Augustinum
1045 2947 1189 3032 primurn
1213 2945 1310 3013 valde
1338 2947 1478 3032 apparet

202 3071 244 3120 ex
266 3051 329 3119 hac
351 3053 616 3138 comparatione:

305 3196 334 3244 c.
356 3176 413 3246 Ac.
435 3177 458 3245 l.
476 3197 517 3245 a.:
754 3177 851 3246 Tusc.
875 3177 926 3245 lV:
1125 3161 1127 3166 ’
1187 3175 1283 3244 Tusc.
1299 3176 1343 3242 V:
1404 3247 1407 3252 ,

244 3283 332 3351 Volo
424 3334 432 3350 .
482 3284 624 3370 aperias,
653 3286 722 3368 (44)
739 3284 1024 3371 Philosophiae
1098 3283 1146 3370 (8)
1203 3300 1352 3362 ‚omnes
1369 3281 1477 3369 quiin

198 3391 282 3477 quid
309 3391 374 3458 tibi
402 3392 488 3458 inter
519 3393 625 3478 sapi·
653 3392 820 3479 principes
839 3408 1024 3477 numquam
1054 3407 1162 3456 rerum
1193 3388 1478 3475 contemplatione

198 3501 330 3564 entem
374 3501 406 3565 et
449 3499 626 3583 philoso·
654 3499 688 3565 in
713 3499 783 3566 suis
812 3497 932 3566 studiis
955 3501 1026 3564 tan·
1054 3495 1164 3563 studia
1185 3495 1368 3581 ponebant,
1389 3493 1478 3582 sapi·¹

199 3605 320 3690 phurn
358 3605 480 3672 distare
513 3605 625 3672 videa·
653 3609 707 3674 tos
731 3623 929 3691 progressus
953 3604 1026 3672 sine
1054 3605 1149 3669 entes
1168 3605 1201 3669 et
1217 3601 1427 3696 habebantur
1447 3605 1483 3669 eb

199 3713 273 3779 turi
306 3749 347 3760 -
380 3711 574 3796 Sapientem
607 3731 626 3778 a
654 3713 837 3798 flagranti
898 3709 1025 3796 cupidi·
1054 3708 1343 3802 nominabantur,
1377 3707 1479 3794 idque

199 3819 366 3898 studioso,
394 3817 448 3897 ait,
478 3805 569 3886 nulla
593 3837 627 3886 re
654 3822 720 3886 tate
755 3819 863 3886 tacere
899 3817 1025 3904 potuis·
1054 3833 1171 3883 eorum
1213 3832 1338 3882 nomen
1370 3833 1479 3900 usque

199 3925 332 3992 differre
371 3926 523 3992 arbitror:
561 3925 625 3992 nisi
653 3931 740 3992 sent.
756 3927 825 4009 (71)
847 3924 1025 3992 Philoso·
1055 3922 1096 3989 ad
1124 3921 1335 4009 Pythagorae
1365 3939 1479 3988 mana-

199 4032 295 4119 quod
335 4050 474 4118 quarum
517 4039 625 4100 rerum
656 4033 722 4118 phi
758 4050 876 4098 sumus
911 4031 1025 4111 exorti,
1054 4029 1100 4095 vit
1137 4030 1278 4096 aetatem
1297 4079 1304 4093 .
1322 4050 1346 4109 .;
1384 4027 1480 4097 cuius

202 4139 237 4207 in
291 4139 443 4225 sapiente
488 4138 626 4224 quidam
655 4143 688 4207 et
721 4141 855 4206 auctore
881 4137 1024 4224 quidem
1055 4134 1279 4220 ingenium..
1317 4151 1393 4201 curn
1424 4132 1480 4201 ad·

203 4247 365 4314 habitus
387 4246 484 4324 inest,
513 4263 626 4312 earum
656 4251 771 4314 nostro
797 4244 948 4324 Platone,
965 4294 973 4308 .
992 4295 1025 4311 ..
1054 4241 1193 4309 miratus
1239 4245 1330 4308 esset
1376 4241 1479 4319 Leon,

201 4356 254 4420 est
290 4352 324 4418 in
362 4352 517 4420 studioso
556 4353 628 4418 sola
657 4353 715 4439 qui
739 4352 861 4419 amori
886 4350 1024 4418 auctori·
1056 4347 1263 4434 quaesivisse
1280 4365 1320 4414 ex
1336 4365 1389 4426 eo,
1413 4365 1481 4432 qua

202 4459 464 4546 flagrantia..
484 4510 491 4525 .
510 4509 517 4524 .
538 4458 629 4525 Alter
656 4463 757 4526 tatem
796 4459 1026 4526 tribueremus.
1057 4455 1201 4522 maxime
1236 4460 1304 4520 arte
1331 4453 1479 4521 conlide-

202 4567 279 4634 scit
309 4565 519 4650 sapientiam,
548 4567 629 4632 alter
656 4566 726 4652 (72)
756 4565 860 4634 Stoici
880 4581 959 4631 vero
991 4566 1028 4630 et
1057 4566 1118 4641 ret;
1158 4564 1190 4629 at
1227 4560 1319 4626 illum
1359 4563 1481 4627 artem

293 4780 316 4848 ι)
336 4793 397 4850 pag.
418 4778 459 4835 15.
