3544 5320
741 358 971 418 -43-‘

188 563 399 652 Augustinus
424 566 457 632 in
482 565 550 634 line
573 565 648 634 libri
672 565 706 633 tl.
724 565 766 632 de
789 563 998 632 Academicis
1022 580 1181 649 quaerere
1209 564 1363 632 decrevit.
1407 563 1474 630 tm-=·

190 671 304 758 primis
327 675 438 740 autem
466 673 566 740 velim
595 673 744 740 animum
773 670 928 739 intendas
958 671 991 738 in
1023 671 1123 752 illum
1145 670 1255 738 locum
1279 669 1337 738 Ac.
1354 670 1378 737 ll
1405 669 1467 736 115

190 779 292 846 modo
316 779 462 847 allatum.
509 779 589 861 Quo
613 779 749 864 saepius
773 779 874 845 huius
896 779 997 845 verba
1021 778 1116 864 legis,
1141 795 1183 844 eo
1207 777 1368 844 maiorem
1392 794 1475 844 mea.

190 885 325 970 quidem
352 886 514 972 opinione
538 888 701 973 praebent
716 884 952 966 oliensionem,
976 904 1053 952 cum
1070 882 1189 952 Cicero
1206 903 1275 952 non
1292 884 1469 952 Lucullum

190 992 249 1060 sed
277 993 409 1060 tertium
439 993 555 1061 nescio
584 1012 686 1079 quem
715 994 901 1080 oppugnet.
946 992 1068 1078 Neque
1103 992 1193 1058 eninr
1229 990 1389 1058 orationis
1424 991 1470 1059 ab

190 1098 246 1166 illo
270 1101 312 1184 §§
332 1100 371 1166 13
388 1118 461 1186 sqq.
479 1099 614 1168 habitae
639 1101 733 1167 locus
749 1099 887 1184 quidam
904 1099 1086 1185 respicitur,
1110 1116 1186 1166 curn
1210 1116 1281 1164 non
1306 1098 1470 1178 invenias,

190 1206 247 1273 ubi
270 1206 326 1273 tali
341 1207 395 1274 vel
419 1206 519 1273 simili
543 1205 647 1274 modo
663 1206 821 1274 Lucullus
837 1205 1037 1291 expresserit
1059 1223 1130 1273 non
1147 1223 1184 1273 se
1200 1205 1259 1275 sed
1279 1204 1466 1291 sapientem

188 1312 270 1380 scire
293 1331 389 1381 suam
411 1313 635 1399 disciplinam.
671 1312 757 1380 Tum
781 1314 870 1380 hunc
893 1314 1003 1381 locum
1029 1311 1274 1398 intellegemus,
1298 1313 1327 1378 si
1351 1313 1467 1379 memi-

166 1419 346 1505 metimus,
370 1419 462 1506 quod
484 1419 683 1504 Hirzelius¹l
706 1418 1077 1500 excussit‘Ciceronem
1101 1419 1135 1485 in
1150 1416 1359 1486 Academicis
1374 1417 1471 1485 Anti-

188 1528 275 1593 ocho
296 1529 328 1594 et
343 1525 486 1594 Philone
503 1545 602 1594 usum
619 1545 694 1594 esse
713 1527 916 1594 auctoribus.
954 1525 1075 1612 Neque
1091 1526 1191 1612 igitur
1207 1525 1332 1593 ibidem
1349 1524 1475 1592 Cicero

188 1633 325 1700 Lucullo
354 1633 414 1700 sed
442 1632 539 1700 Philo
570 1632 737 1701 Antiocho
765 1633 907 1718 obloqui
935 1630 1107 1717 videtur2).
1166 1629 1252 1699 Cum
1288 1650 1367 1700 vero
1403 1632 1467 1699 illis

187 1739 298 1807 verbis
328 1744 473 1825 ponatur
501 1739 713 1826 dogmaticos
742 1739 908 1807 aiiirmare
942 1739 1127 1826 sapientem
1165 1739 1247 1806 scire
1282 1738 1475 1825 sapientiae

188 1846 413 1934 disciplinam,
429 1850 633 1934 putamusne
644 1846 883 1934 Augustinum,
901 1847 958 1932 qui
975 1846 1064 1914 idem
1082 1848 1315 1932 argumentum
1332 1846 1466 1931 proteri,

188 1954 318 2039 exiguis
341 1957 470 2022 tantum
494 1953 797 2040 significationibus
819 1952 1056 2022 exAc.11115
1079 1953 1215 2020 adscitis
1238 1955 1343 2020 totam
1368 1969 1475 2038 argu·

189 2061 428 2128 mentationem
464 2060 529 2145 §5
564 2061 728 2129 subtiliter
761 2064 973 2146 persecutum
1008 2079 1051 2129 ex
1084 2078 1122 2127 se
1156 2060 1232 2144 ipso
1267 2059 1475 2146 protulisset*

187 2165 329 2234 Minime
357 2168 422 2235 hoc
444 2170 496 2236 est
522 2168 712 2253 probabile,
742 2167 906 2253 imprimis
930 2167 1092 2252 quoniam
1122 2167 1156 2233 in
1184 2166 1300 2234 ceteris
1329 2183 1467 2252 quoque

189 2273 288 2341 huius
305 2274 415 2359 partis
430 2273 718 2361 explicationibus,
736 2292 877 2360 quarum
895 2274 1007 2341 nullae
1022 2273 1150 2341 similes
1174 2274 1275 2340 nobis
1291 2275 1468 2341 occununt

189 2379 222 2447 in
244 2378 454 2448 Academicis
477 2381 625 2462 servatis,
654 2384 741 2448 certa
765 2379 937 2448 Ciceronis
960 2379 1101 2465 vestigia
1129 2381 1329 2447 invenimus.
1375 2379 1465 2465 Ergo

188 2488 401 2572 perspicuum
425 2491 476 2555 est
500 2488 665 2575 perditum
690 2488 859 2573 quendam
884 2488 995 2554 locum
1019 2504 1166 2571 eumque
1189 2485 1467 2554 Academicorum

188 2592 314 2661 iontem
353 2595 466 2662 luisse.
536 2594 669 2678 Quodsi
707 2595 853 2682 gravitas
887 2593 1102 2680 potissimum
1146 2593 1349 2679 argumenti,
1396 2610 1472 2678 quo

186 2699 398 2786 Augustinus
422 2701 612 2770 adversario
635 2701 746 2769 studet
765 2700 965 2788 persuadere
982 2699 1167 2786 sapientem
1184 2699 1267 2767 scire
1283 2699 1465 2788 veritatem,

188 2807 222 2897 in
245 2825 288 2875 eo
312 2809 423 2895 posita
447 2811 512 2889 est,
536 2808 629 2894 quod
661 2809 798 2895 sapiens
820 2811 852 2875 et
882 2806 1107 2894 philosophus
1132 2807 1214 2873 inter
1238 2823 1275 2873 se
1299 2804 1467 2886 diherunt,

187 2912 222 2980 id
244 2915 356 3000 ipsum
385 2918 496 2984 autem
521 2916 587 2982 iam
616 2916 651 2982 in
678 2916 771 2983 tonte
803 2932 878 2982 esse
911 2914 1125 3000 explanatum
1161 2931 1202 2979 ex
1236 2911 1473 2996 superioribus

188 3021 308 3102 elucet,
336 3039 379 3090 eo
402 3023 512 3109 magis
536 3023 770 3108 intellegemus
798 3023 974 3090 cohaerere
996 3022 1040 3105 §§
1063 3020 1150 3088 2-4
1178 3037 1254 3086 cum
1278 3020 1321 3102 §§
1345 3026 1364 3084 5
1389 3037 1465 3104 sqq.

187 3127 247 3196 Sin
269 3132 383 3196 tamen
406 3129 555 3214 opineris
578 3130 622 3212 §§
637 3129 725 3196 2-4
749 3126 931 3196 Hortensio
955 3126 1149 3195 tribuendas
1165 3143 1250 3206 esse,
1266 3123 1467 3193 concludere

187 3252 327 3303 necesse
350 3235 401 3310 sit,
425 3253 501 3302 cum
525 3237 546 3319 §
568 3235 590 3303 5
612 3235 889 3303 Academicorum
913 3233 1049 3300 materia
1079 3235 1241 3313 tractetur,
1266 3249 1307 3298 ex
1330 3231 1470 3298 duobus

188 3340 361 3410 Ciceronis
396 3342 557 3428 dispersis
591 3342 674 3410 locis
701 3341 927 3428 Augustinum
962 3343 1197 3424 argumentum
1230 3338 1465 3426 gravissimum

186 3449 324 3516 eruisse.
363 3449 469 3539 lmmo
493 3449 557 3517 hoc
579 3449 682 3517 tontis
704 3449 808 3516 tuisse
830 3466 941 3534 neque
964 3447 1007 3514 ad
1031 3446 1120 3514 duos
1148 3447 1252 3514 libros
1274 3444 1336 3513 sed
1360 3463 1464 3512 unum

187 3556 291 3624 modo
316 3555 424 3625 reterri
447 3556 529 3624 mihi
553 3555 692 3624 videtur.
729 3556 844 3642 ltaque
871 3555 1046 3635 habemus,
1071 3571 1128 3621 cur
1151 3554 1249 3621 etiam
1275 3552 1348 3619 illas
1371 3570 1472 3638 para·-

185 3664 335 3749 graphos
358 3663 393 3729 in
417 3663 611 3749 fragmentis
627 3661 904 3743 Academicorum
921 3661 1145 3729 numerandas
1161 3677 1236 3728 esse
1252 3678 1321 3726 non
1342 3663 1472 3733 temere·

186 3769 375 3854 opinemur.
407 3769 527 3861 Neque
541 3769 714 3837 fortuitum
730 3771 842 3854 potest
857 3785 943 3849 esse,
960 3767 1053 3853 quod
1065 3766 1276 3854 Augustinus
1294 3767 1327 3833 in
1344 3766 1467 3833 iisdem·

186 3876 239 3944 vel
268 3876 414 3943 maxime
441 3893 517 3943 cum
546 3875 620 3946 Fin.
642 3875 674 3942 V
693 3875 732 3942 12
755 3874 940 3955 consentit,
960 3891 1063 3960 quem
1087 3874 1207 3942 librum
1231 3873 1274 3940 ab
1298 3870 1470 3939 Antiocho

187 3999 263 4050 esse
286 3981 523 4069 depromptum
548 3981 714 4050 Hirzelius
737 3977 876 4066 evicitss).
924 3980 1078 4048 Eundem
1103 3984 1213 4048 autem
1236 3996 1313 4046 esse
1336 3978 1468 4046 iontem

186 4087 463 4158 Academicorum
487 4079 625 4175 quoque
649 4089 715 4156 iam
739 4077 909 4155 novimus.

276 4211 519 4281 Convertamur
541 4213 584 4281 ad
608 4213 691 4281 alias
707 4213 986 4299 comparationes.
1025 4212 1078 4280 De
1093 4191 1210 4278 merito
1228 4208 1467 4296 philosophiae

188 4319 320 4388 dicitur:

275 4585 298 4654 1)
318 4583 430 4652 Quaest.
443 4585 475 4641 111
488 4586 538 4642 251
553 4602 623 4658 sqq..

276 4671 298 4741 ²)
317 4675 403 4730 Aliter
420 4676 493 4731 hunc
510 4676 601 4731 locum
622 4675 754 4731 Loercher
772 4688 834 4746 pag.
848 4672 901 4729 283
919 4673 1060 4744 intellegit.

275 4761 298 4834 ⁸)
317 4762 433 4830 Quaest.
446 4764 476 4830 tt,
495 4779 557 4836 pag.
570 4763 721 4820 567-721.
