<?xml version="1.0" encoding="UTF-8"?>
<!DOCTYPE html PUBLIC "-//W3C//DTD XHTML 1.0 Transitional//EN"
    "http://www.w3.org/TR/xhtml1/DTD/xhtml1-transitional.dtd">
<html xmlns="http://www.w3.org/1999/xhtml" xml:lang="en" lang="en">
 <head>
  <title>
</title>
<meta http-equiv="Content-Type" content="text/html;charset=utf-8" />
  <meta name='ocr-system' content='tesseract 3.04.00' />
  <meta name='ocr-capabilities' content='ocr_page ocr_carea ocr_par ocr_line ocrx_word'/>
</head>
<body>
  <div class='ocr_page' id='page_1' title='image "./deaugustinicont00drewgoog_0047.png"; bbox 0 0 3544 5320; ppageno 0'>
   <div class='ocr_carea' id='block_1_1' title="bbox 856 359 1031 420">
    <p class='ocr_par' dir='ltr' id='par_1_1' title="bbox 856 359 1031 420">
     <span class='ocr_line' id='line_1_1' title="bbox 856 359 1031 420; baseline -0.006 -18"><span class='ocrx_word' id='word_1_1' title='bbox 856 359 1031 420; x_wconf 79' lang='lat'>..44-</span> 
     </span>
    </p>
   </div>
   <div class='ocr_carea' id='block_1_2' title="bbox 504 562 1378 634">
    <p class='ocr_par' dir='ltr' id='par_1_2' title="bbox 504 562 1378 634">
     <span class='ocr_line' id='line_1_2' title="bbox 504 562 1378 634; baseline 0 -3"><span class='ocrx_word' id='word_1_2' title='bbox 504 582 531 631; x_wconf 92' lang='lat' dir='ltr'><strong>c.</strong></span> <span class='ocrx_word' id='word_1_3' title='bbox 548 563 605 633; x_wconf 81' lang='lat' dir='ltr'><strong>Ac.</strong></span> <span class='ocrx_word' id='word_1_4' title='bbox 617 563 659 631; x_wconf 87' lang='lat' dir='ltr'><strong>‘lll</strong></span> <span class='ocrx_word' id='word_1_5' title='bbox 683 565 719 634; x_wconf 86' lang='lat'><strong>7:</strong></span> <span class='ocrx_word' id='word_1_6' title='bbox 1176 562 1274 633; x_wconf 90' lang='lat' dir='ltr'><strong>Tusc.</strong></span> <span class='ocrx_word' id='word_1_7' title='bbox 1291 563 1320 631; x_wconf 91' lang='lat' dir='ltr'>V</span> <span class='ocrx_word' id='word_1_8' title='bbox 1342 565 1378 632; x_wconf 83' lang='lat'><strong>6:</strong></span> 
     </span>
    </p>
   </div>
   <div class='ocr_carea' id='block_1_3' title="bbox 302 687 1587 982">
    <p class='ocr_par' dir='ltr' id='par_1_3' title="bbox 302 687 1587 982">
     <span class='ocr_line' id='line_1_3' title="bbox 351 687 1586 774; baseline 0 -18"><span class='ocrx_word' id='word_1_9' title='bbox 351 689 380 756; x_wconf 88' lang='lat' dir='ltr'><strong>si</strong></span> <span class='ocrx_word' id='word_1_10' title='bbox 403 693 516 756; x_wconf 91' lang='lat' dir='ltr'><strong>tamen</strong></span> <span class='ocrx_word' id='word_1_11' title='bbox 540 688 665 774; x_wconf 92' lang='lat' dir='ltr'><strong>aliquid</strong></span> <span class='ocrx_word' id='word_1_12' title='bbox 691 689 757 756; x_wconf 92' lang='lat' dir='ltr'><strong>iarn</strong></span> <span class='ocrx_word' id='word_1_13' title='bbox 774 689 865 756; x_wconf 92' lang='lat' dir='ltr'><strong>dete</strong></span> <span class='ocrx_word' id='word_1_14' title='bbox 883 741 890 756; x_wconf 92' lang='lat'><em>.</em></span> <span class='ocrx_word' id='word_1_15' title='bbox 909 741 929 756; x_wconf 89' lang='lat'><strong>..</strong></span> <span class='ocrx_word' id='word_1_16' title='bbox 1017 687 1299 774; x_wconf 87' lang='lat' dir='ltr'><strong>philosophia.</strong></span> <span class='ocrx_word' id='word_1_17' title='bbox 1314 691 1462 755; x_wconf 91' lang='lat' dir='ltr'><strong>.tantum</strong></span> <span class='ocrx_word' id='word_1_18' title='bbox 1477 689 1586 768; x_wconf 83' lang='lat' dir='ltr'><strong>abest,</strong></span> 
     </span>
     <span class='ocr_line' id='line_1_4' title="bbox 302 794 1587 894; baseline 0.002 -34"><span class='ocrx_word' id='word_1_19' title='bbox 302 794 571 883; x_wconf 85' lang='lat' dir='ltr'>philosophia</span> <span class='ocrx_word' id='word_1_20' title='bbox 594 799 779 863; x_wconf 91' lang='lat' dir='ltr'><strong>meretur.</strong></span> <span class='ocrx_word' id='word_1_21' title='bbox 973 798 1008 861; x_wconf 95' lang='lat' dir='ltr'><strong>ut</strong></span> <span class='ocrx_word' id='word_1_22' title='bbox 1028 796 1183 881; x_wconf 88' lang='lat' dir='ltr'><strong>proinde,</strong></span> <span class='ocrx_word' id='word_1_23' title='bbox 1200 814 1238 894; x_wconf 89' lang='lat' dir='ltr'><strong>ac</strong></span> <span class='ocrx_word' id='word_1_24' title='bbox 1258 795 1300 863; x_wconf 92' lang='lat' dir='ltr'><strong>de</strong></span> <span class='ocrx_word' id='word_1_25' title='bbox 1324 795 1501 864; x_wconf 87' lang='lat' dir='ltr'><strong>bominum</strong></span> <span class='ocrx_word' id='word_1_26' title='bbox 1526 798 1587 863; x_wconf 89' lang='lat' dir='ltr'><strong>est</strong></span> 
     </span>
     <span class='ocr_line' id='line_1_5' title="bbox 310 901 1402 982; baseline 0.001 -14"><span class='ocrx_word' id='word_1_27' title='bbox 310 941 313 945; x_wconf 95' lang='lat'>-</span> <span class='ocrx_word' id='word_1_28' title='bbox 972 903 1039 969; x_wconf 89' lang='lat' dir='ltr'><strong>vita</strong></span> <span class='ocrx_word' id='word_1_29' title='bbox 1064 903 1215 982; x_wconf 89' lang='lat' dir='ltr'><strong>merita,</strong></span> <span class='ocrx_word' id='word_1_30' title='bbox 1239 901 1402 970; x_wconf 86' lang='lat' dir='ltr'><strong>laudetur.</strong></span> 
     </span>
    </p>
   </div>
   <div class='ocr_carea' id='block_1_4' title="bbox 309 1042 1427 1255">
    <p class='ocr_par' dir='ltr' id='par_1_4' title="bbox 309 1042 1427 1255">
     <span class='ocr_line' id='line_1_6' title="bbox 309 1042 1032 1160; baseline 0.001 -50"><span class='ocrx_word' id='word_1_31' title='bbox 309 1149 314 1160; x_wconf 31' lang='grc' dir='ltr'>Ι</span> <span class='ocrx_word' id='word_1_32' title='bbox 346 1043 348 1048; x_wconf 84' lang='grc'><strong>’</strong></span> <span class='ocrx_word' id='word_1_33' title='bbox 398 1042 483 1112; x_wconf 91' lang='lat' dir='ltr'><strong>Vera</strong></span> <span class='ocrx_word' id='word_1_34' title='bbox 507 1043 672 1131; x_wconf 87' lang='lat' dir='ltr'>sapientia</span> <span class='ocrx_word' id='word_1_35' title='bbox 696 1045 729 1112; x_wconf 93' lang='lat' dir='ltr'><strong>in</strong></span> <span class='ocrx_word' id='word_1_36' title='bbox 753 1044 1032 1122; x_wconf 84' lang='lat' dir='ltr'><strong>rationenititur:</strong></span> 
     </span>
     <span class='ocr_line' id='line_1_7' title="bbox 369 1167 1427 1255; baseline 0 -19"><span class='ocrx_word' id='word_1_37' title='bbox 369 1245 370 1250; x_wconf 64' lang='lat'><strong>,</strong></span> <span class='ocrx_word' id='word_1_38' title='bbox 470 1167 757 1237; x_wconf 81' lang='lat' dir='ltr'><strong>c.Ac.lll9.ll:</strong></span> <span class='ocrx_word' id='word_1_39' title='bbox 1185 1167 1427 1255; x_wconf 64' lang='grc' dir='ltr'><strong>Ι.·ες.122;λ</strong></span> 
     </span>
    </p>
   </div>
   <div class='ocr_carea' id='block_1_5' title="bbox 302 1289 1587 1805">
    <p class='ocr_par' dir='ltr' id='par_1_5' title="bbox 302 1289 1587 1805">
     <span class='ocr_line' id='line_1_8' title="bbox 350 1289 1584 1381; baseline -0.001 -20"><span class='ocrx_word' id='word_1_40' title='bbox 350 1292 552 1368; x_wconf 87' lang='lat' dir='ltr'><strong>Ratio</strong></span> <span class='ocrx_word' id='word_1_41' title='bbox 578 1293 677 1362; x_wconf 91' lang='lat' dir='ltr'><strong>talem</strong></span> <span class='ocrx_word' id='word_1_42' title='bbox 712 1294 772 1362; x_wconf 93' lang='lat' dir='ltr'><strong>tibi</strong></span> <span class='ocrx_word' id='word_1_43' title='bbox 807 1292 918 1381; x_wconf 77' lang='lat' dir='ltr'>prodit</span> <span class='ocrx_word' id='word_1_44' title='bbox 1016 1292 1171 1379; x_wconf 89' lang='lat' dir='ltr'><strong>quidest</strong></span> <span class='ocrx_word' id='word_1_45' title='bbox 1195 1295 1305 1360; x_wconf 85' lang='lat' dir='ltr'><strong>autem</strong></span> <span class='ocrx_word' id='word_1_46' title='bbox 1329 1309 1398 1360; x_wconf 90' lang='lat' dir='ltr'><strong>non</strong></span> <span class='ocrx_word' id='word_1_47' title='bbox 1424 1289 1532 1366; x_wconf 82' lang='lat' dir='ltr'><strong>dicam</strong></span> <span class='ocrx_word' id='word_1_48' title='bbox 1543 1291 1584 1360; x_wconf 87' lang='lat' dir='ltr'><strong>in</strong></span> 
     </span>
     <span class='ocr_line' id='line_1_9' title="bbox 302 1397 1587 1486; baseline 0 -18"><span class='ocrx_word' id='word_1_49' title='bbox 302 1418 382 1468; x_wconf 83' lang='lat' dir='ltr'><strong>csse</strong></span> <span class='ocrx_word' id='word_1_50' title='bbox 405 1401 602 1486; x_wconf 83' lang='lat' dir='ltr'><strong>sapientem,</strong></span> <span class='ocrx_word' id='word_1_51' title='bbox 630 1402 689 1486; x_wconf 92' lang='lat' dir='ltr'><strong>qui</strong></span> <span class='ocrx_word' id='word_1_52' title='bbox 717 1401 916 1486; x_wconf 83' lang='lat' dir='ltr'><strong>sapientiam</strong></span> <span class='ocrx_word' id='word_1_53' title='bbox 972 1401 1121 1480; x_wconf 90' lang='lat' dir='ltr'><strong>homine,</strong></span> <span class='ocrx_word' id='word_1_54' title='bbox 1139 1398 1197 1468; x_wconf 90' lang='lat' dir='ltr'><strong>sed</strong></span> <span class='ocrx_word' id='word_1_55' title='bbox 1215 1399 1250 1467; x_wconf 93' lang='lat' dir='ltr'><strong>in</strong></span> <span class='ocrx_word' id='word_1_56' title='bbox 1267 1399 1360 1467; x_wconf 93' lang='lat' dir='ltr'><strong>omni</strong></span> <span class='ocrx_word' id='word_1_57' title='bbox 1372 1397 1467 1468; x_wconf 91' lang='lat' dir='ltr'><strong>caelo</strong></span> <span class='ocrx_word' id='word_1_58' title='bbox 1483 1400 1587 1485; x_wconf 87' lang='lat' dir='ltr'><strong>atque</strong></span> 
     </span>
     <span class='ocr_line' id='line_1_10' title="bbox 303 1503 1587 1593; baseline -0.003 -16"><span class='ocrx_word' id='word_1_59' title='bbox 303 1525 377 1580; x_wconf 84' lang='lat' dir='ltr'><strong>nou</strong></span> <span class='ocrx_word' id='word_1_60' title='bbox 416 1507 561 1592; x_wconf 85' lang='lat' dir='ltr'><strong>ignoret:</strong></span> <span class='ocrx_word' id='word_1_61' title='bbox 601 1507 671 1593; x_wconf 82' lang='lat' dir='ltr'><strong>(ll)</strong></span> <span class='ocrx_word' id='word_1_62' title='bbox 714 1507 791 1575; x_wconf 90' lang='lat' dir='ltr'><strong>Non</strong></span> <span class='ocrx_word' id='word_1_63' title='bbox 826 1507 917 1576; x_wconf 89' lang='lat' dir='ltr'><strong>enim</strong></span> <span class='ocrx_word' id='word_1_64' title='bbox 971 1512 1075 1576; x_wconf 87' lang='lat' dir='ltr'><strong>terra·</strong></span> <span class='ocrx_word' id='word_1_65' title='bbox 1096 1507 1249 1574; x_wconf 91' lang='lat' dir='ltr'><strong>ratione</strong></span> <span class='ocrx_word' id='word_1_66' title='bbox 1284 1503 1453 1574; x_wconf 82' lang='lat' dir='ltr'><strong>divinius?</strong></span> <span class='ocrx_word' id='word_1_67' title='bbox 1499 1522 1587 1592; x_wconf 87' lang='lat' dir='ltr'><strong>quae</strong></span> 
     </span>
     <span class='ocr_line' id='line_1_11' title="bbox 306 1612 1586 1699; baseline -0.002 -17"><span class='ocrx_word' id='word_1_68' title='bbox 306 1613 406 1682; x_wconf 87' lang='lat' dir='ltr'><strong>aliam</strong></span> <span class='ocrx_word' id='word_1_69' title='bbox 431 1612 620 1682; x_wconf 90' lang='lat' dir='ltr'><strong>debemus</strong></span> <span class='ocrx_word' id='word_1_70' title='bbox 645 1664 704 1681; x_wconf 87' lang='lat'><strong>...</strong></span> <span class='ocrx_word' id='word_1_71' title='bbox 729 1617 833 1682; x_wconf 92' lang='lat' dir='ltr'><strong>recte</strong></span> <span class='ocrx_word' id='word_1_72' title='bbox 848 1633 917 1683; x_wconf 89' lang='lat' dir='ltr'><strong>vo·</strong></span> <span class='ocrx_word' id='word_1_73' title='bbox 972 1631 1048 1682; x_wconf 91' lang='lat' dir='ltr'><strong>cum</strong></span> <span class='ocrx_word' id='word_1_74' title='bbox 1068 1612 1213 1682; x_wconf 88' lang='lat' dir='ltr'><strong>adolevit</strong></span> <span class='ocrx_word' id='word_1_75' title='bbox 1233 1614 1332 1699; x_wconf 86' lang='lat' dir='ltr'><strong>atque</strong></span> <span class='ocrx_word' id='word_1_76' title='bbox 1358 1612 1501 1699; x_wconf 87' lang='lat' dir='ltr'><strong>perlecta</strong></span> <span class='ocrx_word' id='word_1_77' title='bbox 1523 1615 1586 1692; x_wconf 91' lang='lat' dir='ltr'><strong>est,</strong></span> 
     </span>
     <span class='ocr_line' id='line_1_12' title="bbox 302 1718 1585 1805; baseline -0.002 -18"><span class='ocrx_word' id='word_1_78' title='bbox 302 1737 396 1788; x_wconf 89' lang='lat' dir='ltr'><strong>care</strong></span> <span class='ocrx_word' id='word_1_79' title='bbox 418 1720 669 1805; x_wconf 90' lang='lat' dir='ltr'><strong>sapientiam.</strong></span> <span class='ocrx_word' id='word_1_80' title='bbox 974 1721 1200 1789; x_wconf 91' lang='lat' dir='ltr'><strong>nominatur</strong></span> <span class='ocrx_word' id='word_1_81' title='bbox 1256 1719 1328 1788; x_wconf 91' lang='lat' dir='ltr'><strong>rite</strong></span> <span class='ocrx_word' id='word_1_82' title='bbox 1373 1718 1585 1804; x_wconf 78' lang='lat' dir='ltr'><strong>sapientia,</strong></span> 
     </span>
    </p>
   </div>
   <div class='ocr_carea' id='block_1_6' title="bbox 302 1847 1586 2164">
    <p class='ocr_par' dir='ltr' id='par_1_6' title="bbox 302 1847 1586 2164">
     <span class='ocr_line' id='line_1_13' title="bbox 339 1847 1586 1958; baseline -0.001 -28"><span class='ocrx_word' id='word_1_83' title='bbox 339 1868 341 1872; x_wconf 86' lang='grc'><strong>’</strong></span> <span class='ocrx_word' id='word_1_84' title='bbox 395 1862 447 1931; x_wconf 80' lang='lat' dir='ltr'><strong>Ab</strong></span> <span class='ocrx_word' id='word_1_85' title='bbox 481 1861 672 1950; x_wconf 78' lang='lat' dir='ltr'><strong>Augustino</strong></span> <span class='ocrx_word' id='word_1_86' title='bbox 708 1864 929 1958; x_wconf 89' lang='lat' dir='ltr'><strong>interrogatus</strong></span> <span class='ocrx_word' id='word_1_87' title='bbox 956 1862 1099 1950; x_wconf 77' lang='lat' dir='ltr'><strong>Alypius</strong></span> <span class='ocrx_word' id='word_1_88' title='bbox 1115 1847 1117 1852; x_wconf 58' lang='grc'>’</span> <span class='ocrx_word' id='word_1_89' title='bbox 1133 1862 1315 1950; x_wconf 88' lang='lat' dir='ltr'><strong>respondet</strong></span> <span class='ocrx_word' id='word_1_90' title='bbox 1343 1881 1381 1930; x_wconf 93' lang='lat' dir='ltr'><strong>se</strong></span> <span class='ocrx_word' id='word_1_91' title='bbox 1409 1867 1586 1948; x_wconf 90' lang='lat' dir='ltr'><strong>propterea</strong></span> 
     </span>
     <span class='ocr_line' id='line_1_14' title="bbox 308 1967 1586 2057; baseline 0 -21"><span class='ocrx_word' id='word_1_92' title='bbox 308 1987 378 2037; x_wconf 90' lang='lat' dir='ltr'><strong>non</strong></span> <span class='ocrx_word' id='word_1_93' title='bbox 414 1987 517 2055; x_wconf 90' lang='lat' dir='ltr'><strong>posse</strong></span> <span class='ocrx_word' id='word_1_94' title='bbox 544 1974 602 2038; x_wconf 92' lang='lat' dir='ltr'><strong>aut</strong></span> <span class='ocrx_word' id='word_1_95' title='bbox 628 1969 791 2038; x_wconf 89' lang='lat' dir='ltr'><strong>ailirmare</strong></span> <span class='ocrx_word' id='word_1_96' title='bbox 820 1975 877 2038; x_wconf 91' lang='lat' dir='ltr'><strong>aut</strong></span> <span class='ocrx_word' id='word_1_97' title='bbox 903 1988 1038 2057; x_wconf 89' lang='lat' dir='ltr'><strong>negare,</strong></span> <span class='ocrx_word' id='word_1_98' title='bbox 1063 1968 1157 2056; x_wconf 93' lang='lat' dir='ltr'><strong>quod</strong></span> <span class='ocrx_word' id='word_1_99' title='bbox 1186 1969 1251 2036; x_wconf 88' lang='lat' dir='ltr'><strong>sibi</strong></span> <span class='ocrx_word' id='word_1_100' title='bbox 1274 1967 1424 2036; x_wconf 91' lang='lat' dir='ltr'><strong>videatur</strong></span> <span class='ocrx_word' id='word_1_101' title='bbox 1445 1971 1586 2036; x_wconf 87' lang='lat' dir='ltr'><strong>tantum.</strong></span> 
     </span>
     <span class='ocr_line' id='line_1_15' title="bbox 302 2075 1550 2164; baseline 0.001 -22"><span class='ocrx_word' id='word_1_102' title='bbox 302 2075 386 2159; x_wconf 91' lang='lat' dir='ltr'><strong>Quo</strong></span> <span class='ocrx_word' id='word_1_103' title='bbox 410 2080 607 2162; x_wconf 86' lang='lat' dir='ltr'><strong>argumento</strong></span> <span class='ocrx_word' id='word_1_104' title='bbox 631 2075 748 2145; x_wconf 91' lang='lat' dir='ltr'><strong>Cicero</strong></span> <span class='ocrx_word' id='word_1_105' title='bbox 772 2095 910 2164; x_wconf 91' lang='lat' dir='ltr'><strong>quoque</strong></span> <span class='ocrx_word' id='word_1_106' title='bbox 934 2096 971 2145; x_wconf 91' lang='lat' dir='ltr'><strong>se</strong></span> <span class='ocrx_word' id='word_1_107' title='bbox 995 2076 1154 2145; x_wconf 92' lang='lat' dir='ltr'><strong>delendit.</strong></span> <span class='ocrx_word' id='word_1_108' title='bbox 1548 2087 1550 2096; x_wconf 61' lang='lat'><strong>⁴</strong></span> 
     </span>
    </p>
   </div>
   <div class='ocr_carea' id='block_1_7' title="bbox 493 2199 1378 2269">
    <p class='ocr_par' dir='ltr' id='par_1_7' title="bbox 493 2199 1378 2269">
     <span class='ocr_line' id='line_1_16' title="bbox 493 2199 1378 2269; baseline -0.002 0"><span class='ocrx_word' id='word_1_109' title='bbox 493 2220 521 2269; x_wconf 90' lang='lat' dir='ltr'><strong>c.</strong></span> <span class='ocrx_word' id='word_1_110' title='bbox 537 2200 594 2268; x_wconf 75' lang='lat' dir='ltr'><strong>Ac.</strong></span> <span class='ocrx_word' id='word_1_111' title='bbox 618 2200 655 2268; x_wconf 88' lang='lat'><strong>111</strong></span> <span class='ocrx_word' id='word_1_112' title='bbox 682 2203 731 2269; x_wconf 92' lang='lat' dir='ltr'><strong>ll:</strong></span> <span class='ocrx_word' id='word_1_113' title='bbox 1175 2200 1233 2268; x_wconf 80' lang='lat' dir='ltr'><strong>Ac.</strong></span> <span class='ocrx_word' id='word_1_114' title='bbox 1251 2199 1275 2267; x_wconf 89' lang='lat'><strong>11</strong></span> <span class='ocrx_word' id='word_1_115' title='bbox 1301 2199 1378 2267; x_wconf 85' lang='lat'>104:</span> 
     </span>
    </p>
   </div>
   <div class='ocr_carea' id='block_1_8' title="bbox 303 2322 1589 3034">
    <p class='ocr_par' dir='ltr' id='par_1_8' title="bbox 303 2322 1589 3034">
     <span class='ocr_line' id='line_1_17' title="bbox 353 2322 1586 2412; baseline -0.003 -21"><span class='ocrx_word' id='word_1_116' title='bbox 353 2322 439 2392; x_wconf 92' lang='lat' dir='ltr'><strong>Cum</strong></span> <span class='ocrx_word' id='word_1_117' title='bbox 487 2343 541 2392; x_wconf 88' lang='lat' dir='ltr'><strong>me</strong></span> <span class='ocrx_word' id='word_1_118' title='bbox 591 2325 824 2412; x_wconf 83' lang='lat' dir='ltr'><strong>interrogares,</strong></span> <span class='ocrx_word' id='word_1_119' title='bbox 872 2377 917 2395; x_wconf 88' lang='lat'><strong>..</strong></span> <span class='ocrx_word' id='word_1_120' title='bbox 1017 2344 1093 2394; x_wconf 93' lang='lat' dir='ltr'><strong>cum</strong></span> <span class='ocrx_word' id='word_1_121' title='bbox 1117 2327 1176 2410; x_wconf 88' lang='lat' dir='ltr'><strong>(sc.</strong></span> <span class='ocrx_word' id='word_1_122' title='bbox 1191 2325 1341 2410; x_wconf 87' lang='lat' dir='ltr'><strong>sapiens)</strong></span> <span class='ocrx_word' id='word_1_123' title='bbox 1357 2341 1394 2391; x_wconf 89' lang='lat' dir='ltr'><strong>se</strong></span> <span class='ocrx_word' id='word_1_124' title='bbox 1411 2343 1430 2391; x_wconf 93' lang='lat' dir='ltr'><strong>a</strong></span> <span class='ocrx_word' id='word_1_125' title='bbox 1447 2340 1586 2410; x_wconf 71' lang='lat' dir='ltr'><strong>respon-</strong></span> 
     </span>
     <span class='ocr_line' id='line_1_18' title="bbox 304 2417 1589 2520; baseline -0.002 -22"><span class='ocrx_word' id='word_1_126' title='bbox 304 2417 397 2518; x_wconf 69' lang='lat' dir='ltr'><strong>quid=</strong></span> <span class='ocrx_word' id='word_1_127' title='bbox 424 2431 506 2499; x_wconf 90' lang='lat' dir='ltr'><strong>mihi</strong></span> <span class='ocrx_word' id='word_1_128' title='bbox 534 2430 577 2498; x_wconf 89' lang='lat' dir='ltr'><strong>de</strong></span> <span class='ocrx_word' id='word_1_129' title='bbox 599 2429 802 2508; x_wconf 81' lang='lat' dir='ltr'><strong>Academico</strong></span> <span class='ocrx_word' id='word_1_130' title='bbox 831 2432 918 2520; x_wconf 90' lang='lat' dir='ltr'><strong>sapi·</strong></span> <span class='ocrx_word' id='word_1_131' title='bbox 973 2433 1096 2512; x_wconf 89' lang='lat' dir='ltr'><strong>dendo,</strong></span> <span class='ocrx_word' id='word_1_132' title='bbox 1116 2435 1149 2499; x_wconf 92' lang='lat' dir='ltr'><strong>ut</strong></span> <span class='ocrx_word' id='word_1_133' title='bbox 1165 2436 1222 2500; x_wconf 91' lang='lat' dir='ltr'><strong>aut</strong></span> <span class='ocrx_word' id='word_1_134' title='bbox 1240 2431 1403 2517; x_wconf 86' lang='lat' dir='ltr'><strong>adprobet</strong></span> <span class='ocrx_word' id='word_1_135' title='bbox 1426 2428 1507 2514; x_wconf 87' lang='lat' dir='ltr'><strong>quid</strong></span> <span class='ocrx_word' id='word_1_136' title='bbox 1525 2431 1589 2497; x_wconf 78' lang='lat' dir='ltr'><strong>‘aut</strong></span> 
     </span>
     <span class='ocr_line' id='line_1_19' title="bbox 303 2537 1587 2630; baseline -0.002 -25"><span class='ocrx_word' id='word_1_137' title='bbox 303 2541 384 2606; x_wconf 90' lang='lat' dir='ltr'><strong>ente</strong></span> <span class='ocrx_word' id='word_1_138' title='bbox 413 2537 583 2618; x_wconf 86' lang='lat' dir='ltr'><strong>videatur,¹</strong></span> <span class='ocrx_word' id='word_1_139' title='bbox 603 2539 763 2626; x_wconf 91' lang='lat' dir='ltr'><strong>respondi</strong></span> <span class='ocrx_word' id='word_1_140' title='bbox 790 2539 918 2607; x_wconf 93' lang='lat' dir='ltr'><strong>videri</strong></span> <span class='ocrx_word' id='word_1_141' title='bbox 968 2539 1138 2630; x_wconf 85' lang='lat' dir='ltr'><strong>inprobet,</strong></span> <span class='ocrx_word' id='word_1_142' title='bbox 1155 2539 1328 2618; x_wconf 89' lang='lat' dir='ltr'><strong>sustineat,</strong></span> <span class='ocrx_word' id='word_1_143' title='bbox 1345 2541 1382 2604; x_wconf 92' lang='lat' dir='ltr'><strong>ut</strong></span> <span class='ocrx_word' id='word_1_144' title='bbox 1396 2554 1507 2623; x_wconf 92' lang='lat' dir='ltr'><strong>neque</strong></span> <span class='ocrx_word' id='word_1_145' title='bbox 1524 2555 1587 2604; x_wconf 90' lang='lat' dir='ltr'><strong>ne·</strong></span> 
     </span>
     <span class='ocr_line' id='line_1_20' title="bbox 309 2641 1588 2732; baseline -0.001 -21"><span class='ocrx_word' id='word_1_146' title='bbox 309 2645 391 2723; x_wconf 91' lang='lat' dir='ltr'><strong>mihi</strong></span> <span class='ocrx_word' id='word_1_147' title='bbox 416 2695 475 2712; x_wconf 92' lang='lat'><strong>...</strong></span> <span class='ocrx_word' id='word_1_148' title='bbox 500 2663 543 2712; x_wconf 92' lang='lat' dir='ltr'><strong>ne</strong></span> <span class='ocrx_word' id='word_1_149' title='bbox 561 2695 568 2710; x_wconf 93' lang='lat'><strong>.</strong></span> <span class='ocrx_word' id='word_1_150' title='bbox 586 2696 594 2712; x_wconf 91' lang='lat'><strong>.</strong></span> <span class='ocrx_word' id='word_1_151' title='bbox 615 2649 740 2713; x_wconf 88' lang='lat' dir='ltr'><strong>temere</strong></span> <span class='ocrx_word' id='word_1_152' title='bbox 760 2663 815 2712; x_wconf 90' lang='lat' dir='ltr'><strong>me</strong></span> <span class='ocrx_word' id='word_1_153' title='bbox 836 2647 919 2713; x_wconf 93' lang='lat' dir='ltr'><strong>scire</strong></span> <span class='ocrx_word' id='word_1_154' title='bbox 973 2651 1038 2732; x_wconf 88' lang='lat' dir='ltr'><strong>get</strong></span> <span class='ocrx_word' id='word_1_155' title='bbox 1065 2645 1192 2730; x_wconf 86' lang='lat' dir='ltr'><strong>aliquid</strong></span> <span class='ocrx_word' id='word_1_156' title='bbox 1221 2663 1332 2730; x_wconf 87' lang='lat' dir='ltr'><strong>neque</strong></span> <span class='ocrx_word' id='word_1_157' title='bbox 1361 2645 1451 2712; x_wconf 91' lang='lat' dir='ltr'><strong>aiat.</strong></span> <span class='ocrx_word' id='word_1_158' title='bbox 1495 2641 1588 2728; x_wconf 78' lang='lat'>(105)</span> 
     </span>
     <span class='ocr_line' id='line_1_21' title="bbox 305 2743 1587 2844; baseline -0.004 -24"><span class='ocrx_word' id='word_1_159' title='bbox 305 2749 505 2843; x_wconf 84' lang='lat' dir='ltr'><strong>allirmarein</strong></span> <span class='ocrx_word' id='word_1_160' title='bbox 524 2803 531 2819; x_wconf 92' lang='lat'><strong>.</strong></span> <span class='ocrx_word' id='word_1_161' title='bbox 549 2754 557 2820; x_wconf 83' lang='grc'><strong>’.</strong></span> <span class='ocrx_word' id='word_1_162' title='bbox 575 2751 718 2844; x_wconf 89' lang='lat' dir='ltr'><strong>.Dixisti</strong></span> <span class='ocrx_word' id='word_1_163' title='bbox 734 2753 824 2820; x_wconf 92' lang='lat' dir='ltr'><strong>enim</strong></span> <span class='ocrx_word' id='word_1_164' title='bbox 841 2752 919 2821; x_wconf 93' lang='lat' dir='ltr'><strong>ideo</strong></span> <span class='ocrx_word' id='word_1_165' title='bbox 974 2753 1031 2834; x_wconf 88' lang='lat' dir='ltr'><strong>Ea,</strong></span> <span class='ocrx_word' id='word_1_166' title='bbox 1060 2771 1148 2839; x_wconf 89' lang='lat' dir='ltr'><strong>quae</strong></span> <span class='ocrx_word' id='word_1_167' title='bbox 1177 2770 1239 2820; x_wconf 89' lang='lat' dir='ltr'><strong>vos</strong></span> <span class='ocrx_word' id='word_1_168' title='bbox 1274 2751 1400 2839; x_wconf 92' lang='lat' dir='ltr'><strong>percipi</strong></span> <span class='ocrx_word' id='word_1_169' title='bbox 1436 2743 1587 2840; x_wconf 91' lang='lat' dir='ltr'><strong>compre·</strong></span> 
     </span>
     <span class='ocr_line' id='line_1_22' title="bbox 303 2850 1588 2946; baseline -0.002 -21"><span class='ocrx_word' id='word_1_170' title='bbox 303 2857 340 2926; x_wconf 88' lang='lat' dir='ltr'><strong>te</strong></span> <span class='ocrx_word' id='word_1_171' title='bbox 369 2877 439 2926; x_wconf 90' lang='lat' dir='ltr'><strong>non</strong></span> <span class='ocrx_word' id='word_1_172' title='bbox 470 2863 527 2926; x_wconf 92' lang='lat' dir='ltr'><strong>aut</strong></span> <span class='ocrx_word' id='word_1_173' title='bbox 554 2859 661 2927; x_wconf 91' lang='lat' dir='ltr'><strong>aiere</strong></span> <span class='ocrx_word' id='word_1_174' title='bbox 683 2863 740 2926; x_wconf 95' lang='lat' dir='ltr'><strong>aut</strong></span> <span class='ocrx_word' id='word_1_175' title='bbox 763 2877 918 2945; x_wconf 86' lang='lat' dir='ltr'><strong>negare,</strong></span> <span class='ocrx_word' id='word_1_176' title='bbox 974 2858 1285 2946; x_wconf 88' lang='lat' dir='ltr'><strong>bendique,eadem</strong></span> <span class='ocrx_word' id='word_1_177' title='bbox 1300 2850 1588 2926; x_wconf 90' lang='lat' dir='ltr'><strong>nos....·videri</strong></span> 
     </span>
     <span class='ocr_line' id='line_1_23' title="bbox 308 2959 1298 3034; baseline 0.001 -2"><span class='ocrx_word' id='word_1_178' title='bbox 308 2984 351 3033; x_wconf 90' lang='lat' dir='ltr'><strong>ne</strong></span> <span class='ocrx_word' id='word_1_179' title='bbox 373 2970 498 3033; x_wconf 91' lang='lat' dir='ltr'><strong>temere</strong></span> <span class='ocrx_word' id='word_1_180' title='bbox 520 2969 553 3033; x_wconf 89' lang='lat' dir='ltr'><strong>te</strong></span> <span class='ocrx_word' id='word_1_181' title='bbox 576 2965 659 3033; x_wconf 90' lang='lat' dir='ltr'><strong>scire</strong></span> <span class='ocrx_word' id='word_1_182' title='bbox 683 2964 785 3034; x_wconf 90' lang='lat' dir='ltr'><strong>dicas.</strong></span> <span class='ocrx_word' id='word_1_183' title='bbox 974 2967 1125 3034; x_wconf 87' lang='lat' dir='ltr'><strong>dicimus.</strong></span> <span class='ocrx_word' id='word_1_184' title='bbox 1285 2959 1298 2981; x_wconf 69' lang='lat'><strong>&#39;&#39;</strong></span> 
     </span>
    </p>
   </div>
   <div class='ocr_carea' id='block_1_9' title="bbox 307 3059 1588 3301">
    <p class='ocr_par' dir='ltr' id='par_1_9' title="bbox 307 3059 1588 3301">
     <span class='ocr_line' id='line_1_24' title="bbox 325 3059 1588 3193; baseline -0.004 -16"><span class='ocrx_word' id='word_1_185' title='bbox 325 3144 341 3165; x_wconf 84' lang='lat'><strong>-·</strong></span> <span class='ocrx_word' id='word_1_186' title='bbox 398 3107 531 3177; x_wconf 91' lang='lat' dir='ltr'><strong>Deinde</strong></span> <span class='ocrx_word' id='word_1_187' title='bbox 556 3107 683 3176; x_wconf 89' lang='lat' dir='ltr'><strong>similes</strong></span> <span class='ocrx_word' id='word_1_188' title='bbox 697 3071 750 3176; x_wconf 79' lang='lat' dir='ltr'><strong>uel</strong></span> <span class='ocrx_word' id='word_1_189' title='bbox 773 3108 886 3193; x_wconf 88' lang='lat' dir='ltr'><strong>potius</strong></span> <span class='ocrx_word' id='word_1_190' title='bbox 910 3108 1048 3178; x_wconf 90' lang='lat' dir='ltr'><strong>eaedem</strong></span> <span class='ocrx_word' id='word_1_191' title='bbox 1072 3109 1257 3187; x_wconf 86' lang='lat' dir='ltr'><strong>sententiae</strong></span> <span class='ocrx_word' id='word_1_192' title='bbox 1281 3109 1444 3192; x_wconf 91' lang='lat' dir='ltr'><strong>apparent</strong></span> <span class='ocrx_word' id='word_1_193' title='bbox 1467 3105 1502 3172; x_wconf 94' lang='lat' dir='ltr'><strong>in</strong></span> <span class='ocrx_word' id='word_1_194' title='bbox 1525 3059 1588 3180; x_wconf 84' lang='lat' dir='ltr'><strong>hac</strong></span> 
     </span>
     <span class='ocr_line' id='line_1_25' title="bbox 307 3216 577 3301; baseline -0.015 -17"><span class='ocrx_word' id='word_1_195' title='bbox 307 3216 577 3301; x_wconf 89' lang='lat' dir='ltr'><strong>comparatione:</strong></span> 
     </span>
    </p>
   </div>
   <div class='ocr_carea' id='block_1_10' title="bbox 451 3337 1414 3426">
    <p class='ocr_par' dir='ltr' id='par_1_10' title="bbox 451 3337 1414 3426">
     <span class='ocr_line' id='line_1_26' title="bbox 451 3337 1414 3426; baseline -0.004 -19"><span class='ocrx_word' id='word_1_196' title='bbox 451 3358 479 3407; x_wconf 92' lang='lat' dir='ltr'><strong>c.</strong></span> <span class='ocrx_word' id='word_1_197' title='bbox 494 3339 553 3407; x_wconf 80' lang='lat' dir='ltr'><strong>Ac.</strong></span> <span class='ocrx_word' id='word_1_198' title='bbox 570 3339 605 3407; x_wconf 85' lang='grc' dir='ltr'><strong>ΙΙΙ</strong></span> <span class='ocrx_word' id='word_1_199' title='bbox 633 3341 673 3406; x_wconf 90' lang='grc'><strong>10</strong></span> <span class='ocrx_word' id='word_1_200' title='bbox 697 3359 811 3426; x_wconf 91' lang='lat' dir='ltr'><strong>sqq.:·</strong></span> <span class='ocrx_word' id='word_1_201' title='bbox 1133 3338 1190 3407; x_wconf 78' lang='lat' dir='ltr'><strong>lle.</strong></span> <span class='ocrx_word' id='word_1_202' title='bbox 1208 3338 1232 3406; x_wconf 95' lang='lat' dir='ltr'><strong>ll</strong></span> <span class='ocrx_word' id='word_1_203' title='bbox 1255 3337 1299 3404; x_wconf 84' lang='lat'><strong>24</strong></span> <span class='ocrx_word' id='word_1_204' title='bbox 1323 3356 1414 3424; x_wconf 87' lang='lat' dir='ltr'><strong>sqq.:</strong></span> 
     </span>
    </p>
   </div>
   <div class='ocr_carea' id='block_1_11' title="bbox 303 3460 1607 4830">
    <p class='ocr_par' dir='ltr' id='par_1_11' title="bbox 303 3460 1607 4830">
     <span class='ocr_line' id='line_1_27' title="bbox 354 3460 1587 3552; baseline -0.005 -19"><span class='ocrx_word' id='word_1_205' title='bbox 354 3465 424 3550; x_wconf 85' lang='lat'>(10)</span> <span class='ocrx_word' id='word_1_206' title='bbox 448 3464 550 3552; x_wconf 80' lang='lat' dir='ltr'><strong>Aug:</strong></span> <span class='ocrx_word' id='word_1_207' title='bbox 585 3465 661 3532; x_wconf 91' lang='lat' dir='ltr'><strong>Tibi</strong></span> <span class='ocrx_word' id='word_1_208' title='bbox 689 3469 801 3532; x_wconf 91' lang='lat' dir='ltr'><strong>autem</strong></span> <span class='ocrx_word' id='word_1_209' title='bbox 830 3463 919 3530; x_wconf 89' lang='lat' dir='ltr'><strong>vide·</strong></span> <span class='ocrx_word' id='word_1_210' title='bbox 1020 3463 1090 3552; x_wconf 80' lang='lat'>(24)</span> <span class='ocrx_word' id='word_1_211' title='bbox 1125 3463 1199 3550; x_wconf 89' lang='lat' dir='ltr'><strong>Ipsa</strong></span> <span class='ocrx_word' id='word_1_212' title='bbox 1233 3481 1313 3530; x_wconf 89' lang='lat' dir='ltr'><strong>vero</strong></span> <span class='ocrx_word' id='word_1_213' title='bbox 1347 3461 1522 3548; x_wconf 88' lang='lat' dir='ltr'><strong>sapientia,</strong></span> <span class='ocrx_word' id='word_1_214' title='bbox 1558 3460 1587 3528; x_wconf 92' lang='lat' dir='ltr'><strong>si</strong></span> 
     </span>
     <span class='ocr_line' id='line_1_28' title="bbox 303 3569 1586 3657; baseline -0.005 -17"><span class='ocrx_word' id='word_1_215' title='bbox 303 3575 360 3640; x_wconf 83' lang='lat' dir='ltr'><strong>tur</strong></span> <span class='ocrx_word' id='word_1_216' title='bbox 372 3572 430 3655; x_wconf 87' lang='lat' dir='ltr'><strong>(sc.</strong></span> <span class='ocrx_word' id='word_1_217' title='bbox 446 3573 596 3657; x_wconf 85' lang='lat' dir='ltr'><strong>sapiens)</strong></span> <span class='ocrx_word' id='word_1_218' title='bbox 609 3572 692 3639; x_wconf 91' lang='lat' dir='ltr'><strong>scire</strong></span> <span class='ocrx_word' id='word_1_219' title='bbox 710 3570 936 3656; x_wconf 74' lang='lat' dir='ltr'><strong>sapientiam,</strong></span> <span class='ocrx_word' id='word_1_220' title='bbox 976 3589 1012 3638; x_wconf 91' lang='lat' dir='ltr'><strong>se</strong></span> <span class='ocrx_word' id='word_1_221' title='bbox 1036 3571 1203 3657; x_wconf 89' lang='lat' dir='ltr'><strong>ignorabit</strong></span> <span class='ocrx_word' id='word_1_222' title='bbox 1226 3569 1390 3655; x_wconf 91' lang='lat' dir='ltr'><strong>sapientia</strong></span> <span class='ocrx_word' id='word_1_223' title='bbox 1406 3569 1449 3634; x_wconf 88' lang='lat' dir='ltr'><strong>sit</strong></span> <span class='ocrx_word' id='word_1_224' title='bbox 1469 3580 1586 3645; x_wconf 91' lang='lat' dir='ltr'><strong>necne,</strong></span> 
     </span>
     <span class='ocr_line' id='line_1_29' title="bbox 308 3661 1587 3766; baseline -0.003 -20"><span class='ocrx_word' id='word_1_225' title='bbox 308 3678 403 3766; x_wconf 80' lang='lat' dir='ltr'><strong>quod</strong></span> <span class='ocrx_word' id='word_1_226' title='bbox 426 3697 496 3746; x_wconf 90' lang='lat' dir='ltr'><strong>non</strong></span> <span class='ocrx_word' id='word_1_227' title='bbox 521 3683 572 3747; x_wconf 90' lang='lat' dir='ltr'><strong>est</strong></span> <span class='ocrx_word' id='word_1_228' title='bbox 596 3679 711 3764; x_wconf 91' lang='lat' dir='ltr'><strong>utique</strong></span> <span class='ocrx_word' id='word_1_229' title='bbox 728 3678 810 3745; x_wconf 92' lang='lat' dir='ltr'><strong>nihil</strong></span> <span class='ocrx_word' id='word_1_230' title='bbox 828 3677 919 3744; x_wconf 91' lang='lat' dir='ltr'><strong>scire.</strong></span> <span class='ocrx_word' id='word_1_231' title='bbox 976 3661 1189 3763; x_wconf 88' lang='lat' dir='ltr'><strong>quomodo</strong></span> <span class='ocrx_word' id='word_1_232' title='bbox 1228 3677 1373 3762; x_wconf 89' lang='lat' dir='ltr'><strong>primunr</strong></span> <span class='ocrx_word' id='word_1_233' title='bbox 1420 3673 1587 3742; x_wconf 86' lang='lat' dir='ltr'><strong>obtinebit</strong></span> 
     </span>
     <span class='ocr_line' id='line_1_30' title="bbox 304 3783 1586 3870; baseline -0.005 -15"><span class='ocrx_word' id='word_1_234' title='bbox 304 3785 417 3855; x_wconf 85' lang='lat' dir='ltr'><strong>Simul</strong></span> <span class='ocrx_word' id='word_1_235' title='bbox 455 3786 546 3852; x_wconf 91' lang='lat' dir='ltr'><strong>enim</strong></span> <span class='ocrx_word' id='word_1_236' title='bbox 576 3785 700 3870; x_wconf 91' lang='lat' dir='ltr'><strong>placuit</strong></span> <span class='ocrx_word' id='word_1_237' title='bbox 725 3836 785 3852; x_wconf 90' lang='lat'><strong>...</strong></span> <span class='ocrx_word' id='word_1_238' title='bbox 820 3784 921 3852; x_wconf 90' lang='lat' dir='ltr'><strong>scire</strong></span> <span class='ocrx_word' id='word_1_239' title='bbox 976 3801 1101 3851; x_wconf 89' lang='lat' dir='ltr'><strong>nomen</strong></span> <span class='ocrx_word' id='word_1_240' title='bbox 1125 3783 1330 3869; x_wconf 80' lang='lat' dir='ltr'><strong>sapientiae?</strong></span> <span class='ocrx_word' id='word_1_241' title='bbox 1356 3799 1490 3851; x_wconf 89' lang='lat' dir='ltr'><strong>..cum</strong></span> <span class='ocrx_word' id='word_1_242' title='bbox 1506 3798 1586 3848; x_wconf 89' lang='lat' dir='ltr'><strong>vero</strong></span> 
     </span>
     <span class='ocr_line' id='line_1_31' title="bbox 307 3887 1586 3976; baseline -0.004 -18"><span class='ocrx_word' id='word_1_243' title='bbox 307 3892 408 3960; x_wconf 89' lang='lat' dir='ltr'><strong>lalsa</strong></span> <span class='ocrx_word' id='word_1_244' title='bbox 433 3892 631 3958; x_wconf 90' lang='lat' dir='ltr'><strong>neminem</strong></span> <span class='ocrx_word' id='word_1_245' title='bbox 658 3908 799 3976; x_wconf 78' lang='lat' dir='ltr'><strong>posset.</strong></span> <span class='ocrx_word' id='word_1_246' title='bbox 831 3891 921 3958; x_wconf 91' lang='lat' dir='ltr'><strong>unde</strong></span> <span class='ocrx_word' id='word_1_247' title='bbox 951 3890 1151 3970; x_wconf 90' lang='lat' dir='ltr'><strong>dubitabit,</strong></span> <span class='ocrx_word' id='word_1_248' title='bbox 1265 3889 1323 3974; x_wconf 93' lang='lat' dir='ltr'><strong>qui</strong></span> <span class='ocrx_word' id='word_1_249' title='bbox 1358 3887 1478 3972; x_wconf 91' lang='lat' dir='ltr'><strong>poterit</strong></span> <span class='ocrx_word' id='word_1_250' title='bbox 1502 3895 1586 3954; x_wconf 78' lang='lat' dir='ltr'><strong>&#39;esse</strong></span> 
     </span>
     <span class='ocr_line' id='line_1_32' title="bbox 304 3993 1586 4084; baseline -0.006 -17"><span class='ocrx_word' id='word_1_251' title='bbox 304 3998 392 4067; x_wconf 88' lang='lat' dir='ltr'><strong>illud</strong></span> <span class='ocrx_word' id='word_1_252' title='bbox 408 3999 473 4065; x_wconf 93' lang='lat' dir='ltr'><strong>iam</strong></span> <span class='ocrx_word' id='word_1_253' title='bbox 492 4001 600 4079; x_wconf 85' lang='lat' dir='ltr'><strong>restat,</strong></span> <span class='ocrx_word' id='word_1_254' title='bbox 614 4003 650 4066; x_wconf 94' lang='lat' dir='ltr'><strong>ut</strong></span> <span class='ocrx_word' id='word_1_255' title='bbox 666 4026 718 4070; x_wconf 63' lang='grc' dir='ltr'><strong>ς..</strong></span> <span class='ocrx_word' id='word_1_256' title='bbox 736 3997 921 4065; x_wconf 91' lang='lat' dir='ltr'><strong>contendas</strong></span> <span class='ocrx_word' id='word_1_257' title='bbox 976 3997 1160 4082; x_wconf 83' lang='lat' dir='ltr'><strong>sapientia?</strong></span> <span class='ocrx_word' id='word_1_258' title='bbox 1206 3996 1277 4084; x_wconf 82' lang='lat'><strong>(26)</strong></span> <span class='ocrx_word' id='word_1_259' title='bbox 1304 3994 1354 4062; x_wconf 82' lang='lat' dir='ltr'><strong>ut</strong></span> <span class='ocrx_word' id='word_1_260' title='bbox 1382 4010 1501 4062; x_wconf 89' lang='lat' dir='ltr'><strong>nemo</strong></span> <span class='ocrx_word' id='word_1_261' title='bbox 1532 3993 1586 4059; x_wconf 92' lang='lat' dir='ltr'><strong>in·</strong></span> 
     </span>
     <span class='ocr_line' id='line_1_33' title="bbox 309 4099 1586 4191; baseline -0.007 -17"><span class='ocrx_word' id='word_1_262' title='bbox 309 4104 392 4174; x_wconf 90' lang='lat' dir='ltr'><strong>nihil</strong></span> <span class='ocrx_word' id='word_1_263' title='bbox 442 4123 518 4173; x_wconf 91' lang='lat' dir='ltr'><strong>esse</strong></span> <span class='ocrx_word' id='word_1_264' title='bbox 568 4105 778 4191; x_wconf 90' lang='lat' dir='ltr'><strong>sapientiam.</strong></span> <span class='ocrx_word' id='word_1_265' title='bbox 850 4103 920 4190; x_wconf 91' lang='lat' dir='ltr'><strong>(ll)</strong></span> <span class='ocrx_word' id='word_1_266' title='bbox 974 4103 1091 4170; x_wconf 65' lang='lat' dir='ltr'><strong>venit¹</strong></span> <span class='ocrx_word' id='word_1_267' title='bbox 1116 4102 1238 4170; x_wconf 55' lang='lat' dir='ltr'><strong>falsa,</strong></span> <span class='ocrx_word' id='word_1_268' title='bbox 1289 4101 1359 4186; x_wconf 84' lang='lat'>(27)</span> <span class='ocrx_word' id='word_1_269' title='bbox 1393 4099 1586 4185; x_wconf 88' lang='lat' dir='ltr'><strong>Sapientiae</strong></span> 
     </span>
     <span class='ocr_line' id='line_1_34' title="bbox 303 4208 1586 4300; baseline -0.005 -20"><span class='ocrx_word' id='word_1_270' title='bbox 303 4211 422 4300; x_wconf 78' lang='lat' dir='ltr'><strong>Alypz</strong></span> <span class='ocrx_word' id='word_1_271' title='bbox 457 4212 529 4279; x_wconf 89' lang='lat' dir='ltr'><strong>Etsi</strong></span> <span class='ocrx_word' id='word_1_272' title='bbox 552 4211 736 4280; x_wconf 89' lang='lat' dir='ltr'><strong>concedam</strong></span> <span class='ocrx_word' id='word_1_273' title='bbox 846 4211 920 4279; x_wconf 90' lang='lat' dir='ltr'><strong>sciri</strong></span> <span class='ocrx_word' id='word_1_274' title='bbox 975 4227 1054 4277; x_wconf 89' lang='lat' dir='ltr'><strong>vero</strong></span> <span class='ocrx_word' id='word_1_275' title='bbox 1091 4208 1171 4296; x_wconf 92' lang='lat' dir='ltr'><strong>quid</strong></span> <span class='ocrx_word' id='word_1_276' title='bbox 1207 4209 1358 4275; x_wconf 79' lang='lat' dir='ltr'><strong>intutum</strong></span> <span class='ocrx_word' id='word_1_277' title='bbox 1398 4211 1458 4286; x_wconf 90' lang='lat' dir='ltr'><strong>est,</strong></span> <span class='ocrx_word' id='word_1_278' title='bbox 1498 4224 1586 4293; x_wconf 87' lang='lat' dir='ltr'><strong>quae</strong></span> 
     </span>
     <span class='ocr_line' id='line_1_35' title="bbox 309 4313 1607 4406; baseline -0.005 -20"><span class='ocrx_word' id='word_1_279' title='bbox 309 4337 329 4386; x_wconf 90' lang='lat' dir='ltr'><strong>a</strong></span> <span class='ocrx_word' id='word_1_280' title='bbox 352 4319 504 4406; x_wconf 90' lang='lat' dir='ltr'><strong>sapiente</strong></span> <span class='ocrx_word' id='word_1_281' title='bbox 529 4317 728 4404; x_wconf 91' lang='lat' dir='ltr'><strong>sapientiam</strong></span> <span class='ocrx_word' id='word_1_282' title='bbox 745 4321 777 4385; x_wconf 90' lang='lat' dir='ltr'><strong>et</strong></span> <span class='ocrx_word' id='word_1_283' title='bbox 793 4317 921 4403; x_wconf 91' lang='lat' dir='ltr'><strong>aliquid</strong></span> <span class='ocrx_word' id='word_1_284' title='bbox 976 4333 1087 4402; x_wconf 89' lang='lat' dir='ltr'><strong>neque</strong></span> <span class='ocrx_word' id='word_1_285' title='bbox 1103 4316 1145 4383; x_wconf 90' lang='lat' dir='ltr'><strong>de</strong></span> <span class='ocrx_word' id='word_1_286' title='bbox 1169 4333 1205 4383; x_wconf 89' lang='lat' dir='ltr'><strong>se</strong></span> <span class='ocrx_word' id='word_1_287' title='bbox 1223 4315 1300 4400; x_wconf 92' lang='lat' dir='ltr'><strong>ipsa</strong></span> <span class='ocrx_word' id='word_1_288' title='bbox 1317 4314 1469 4382; x_wconf 90' lang='lat' dir='ltr'><strong>dubitare</strong></span> <span class='ocrx_word' id='word_1_289' title='bbox 1487 4313 1587 4382; x_wconf 90' lang='lat' dir='ltr'><strong>debet</strong></span> <span class='ocrx_word' id='word_1_290' title='bbox 1605 4398 1607 4402; x_wconf 22' lang='grc' dir='ltr'>Ι</span> 
     </span>
     <span class='ocr_line' id='line_1_36' title="bbox 307 4421 1585 4512; baseline -0.004 -20"><span class='ocrx_word' id='word_1_291' title='bbox 307 4426 394 4493; x_wconf 89' lang='lat' dir='ltr'><strong>inter</strong></span> <span class='ocrx_word' id='word_1_292' title='bbox 428 4444 492 4493; x_wconf 92' lang='lat' dir='ltr'><strong>nos</strong></span> <span class='ocrx_word' id='word_1_293' title='bbox 529 4425 788 4512; x_wconf 89' lang='lat' dir='ltr'><strong>deprehensum,</strong></span> <span class='ocrx_word' id='word_1_294' title='bbox 827 4424 921 4510; x_wconf 92' lang='lat' dir='ltr'><strong>quod</strong></span> <span class='ocrx_word' id='word_1_295' title='bbox 975 4440 1085 4509; x_wconf 90' lang='lat' dir='ltr'><strong>neque</strong></span> <span class='ocrx_word' id='word_1_296' title='bbox 1109 4421 1152 4488; x_wconf 89' lang='lat' dir='ltr'><strong>de</strong></span> <span class='ocrx_word' id='word_1_297' title='bbox 1174 4422 1245 4490; x_wconf 91' lang='lat' dir='ltr'><strong>suis</strong></span> <span class='ocrx_word' id='word_1_298' title='bbox 1269 4422 1409 4490; x_wconf 92' lang='lat' dir='ltr'><strong>decretis</strong></span> <span class='ocrx_word' id='word_1_299' title='bbox 1431 4472 1438 4488; x_wconf 92' lang='lat'><strong>.</strong></span> <span class='ocrx_word' id='word_1_300' title='bbox 1457 4471 1490 4488; x_wconf 91' lang='lat'><strong>..</strong></span> <span class='ocrx_word' id='word_1_301' title='bbox 1515 4437 1585 4488; x_wconf 94' lang='lat' dir='ltr'><strong>non</strong></span> 
     </span>
     <span class='ocr_line' id='line_1_37' title="bbox 304 4527 1586 4618; baseline -0.001 -20"><span class='ocrx_word' id='word_1_302' title='bbox 304 4533 445 4616; x_wconf 90' lang='lat' dir='ltr'><strong>sapiens</strong></span> <span class='ocrx_word' id='word_1_303' title='bbox 473 4532 581 4618; x_wconf 91' lang='lat' dir='ltr'><strong>possit</strong></span> <span class='ocrx_word' id='word_1_304' title='bbox 603 4532 784 4618; x_wconf 91' lang='lat' dir='ltr'><strong>percipere,</strong></span> <span class='ocrx_word' id='word_1_305' title='bbox 807 4535 920 4598; x_wconf 90' lang='lat' dir='ltr'><strong>tamen</strong></span> <span class='ocrx_word' id='word_1_306' title='bbox 976 4533 1087 4615; x_wconf 89' lang='lat' dir='ltr'><strong>potest</strong></span> <span class='ocrx_word' id='word_1_307' title='bbox 1115 4529 1216 4615; x_wconf 88' lang='lat' dir='ltr'><strong>igitur</strong></span> <span class='ocrx_word' id='word_1_308' title='bbox 1243 4529 1398 4610; x_wconf 89' lang='lat' dir='ltr'><strong>dubitari,</strong></span> <span class='ocrx_word' id='word_1_309' title='bbox 1423 4529 1504 4615; x_wconf 92' lang='lat' dir='ltr'><strong>quin</strong></span> <span class='ocrx_word' id='word_1_310' title='bbox 1528 4527 1586 4597; x_wconf 92' lang='lat' dir='ltr'><strong>de·</strong></span> 
     </span>
     <span class='ocr_line' id='line_1_38' title="bbox 304 4627 1587 4725; baseline -0.004 -19"><span class='ocrx_word' id='word_1_311' title='bbox 304 4656 523 4725; x_wconf 88' lang='lat' dir='ltr'><strong>nequaquam</strong></span> <span class='ocrx_word' id='word_1_312' title='bbox 549 4639 629 4705; x_wconf 89' lang='lat' dir='ltr'><strong>mihi</strong></span> <span class='ocrx_word' id='word_1_313' title='bbox 664 4639 804 4708; x_wconf 91' lang='lat' dir='ltr'><strong>occurrit</strong></span> <span class='ocrx_word' id='word_1_314' title='bbox 824 4636 919 4716; x_wconf 74' lang='lat' dir='ltr'><strong>Aca·</strong></span> <span class='ocrx_word' id='word_1_315' title='bbox 976 4639 1099 4703; x_wconf 90' lang='lat' dir='ltr'><strong>cretum</strong></span> <span class='ocrx_word' id='word_1_316' title='bbox 1138 4636 1267 4706; x_wconf 93' lang='lat' dir='ltr'><strong>nullum</strong></span> <span class='ocrx_word' id='word_1_317' title='bbox 1284 4627 1287 4632; x_wconf 70' lang='grc'><em>’</em></span> <span class='ocrx_word' id='word_1_318' title='bbox 1306 4635 1427 4704; x_wconf 81' lang='lat' dir='ltr'><strong>falsum</strong></span> <span class='ocrx_word' id='word_1_319' title='bbox 1478 4635 1587 4722; x_wconf 91' lang='lat' dir='ltr'><strong>possit</strong></span> 
     </span>
     <span class='ocr_line' id='line_1_39' title="bbox 304 4742 1590 4830; baseline -0.001 -18"><span class='ocrx_word' id='word_1_320' title='bbox 304 4745 516 4812; x_wconf 90' lang='lat' dir='ltr'><strong>demicorum</strong></span> <span class='ocrx_word' id='word_1_321' title='bbox 567 4745 762 4813; x_wconf 84' lang='lat' dir='ltr'><strong>labetactata</strong></span> <span class='ocrx_word' id='word_1_322' title='bbox 808 4745 920 4812; x_wconf 92' lang='lat' dir='ltr'><strong>omnis</strong></span> <span class='ocrx_word' id='word_1_323' title='bbox 975 4761 1050 4811; x_wconf 90' lang='lat' dir='ltr'><strong>esse</strong></span> <span class='ocrx_word' id='word_1_324' title='bbox 1074 4743 1246 4828; x_wconf 89' lang='lat' dir='ltr'><strong>sapientis.</strong></span> <span class='ocrx_word' id='word_1_325' title='bbox 1270 4778 1315 4791; x_wconf 90' lang='lat'><strong>—-</strong></span> <span class='ocrx_word' id='word_1_326' title='bbox 1349 4743 1420 4830; x_wconf 83' lang='grc'>(28)</span> <span class='ocrx_word' id='word_1_327' title='bbox 1448 4742 1497 4809; x_wconf 86' lang='lat' dir='ltr'><strong>Ex</strong></span> <span class='ocrx_word' id='word_1_328' title='bbox 1520 4742 1590 4811; x_wconf 86' lang='lat' dir='ltr'><strong>hoc</strong></span> 
     </span>
    </p>
   </div>
   <div class='ocr_carea' id='block_1_12' title="bbox 0 0 1776 5316">
    <p class='ocr_par' dir='ltr' id='par_1_12' title="bbox 0 0 1776 5316">
     <span class='ocr_line' id='line_1_40' title="bbox 0 0 1776 5316; baseline 0 0"><span class='ocrx_word' id='word_1_329' title='bbox 0 0 1776 5316; x_wconf 95' lang='lat' dir='ltr'><strong> </strong></span> 
     </span>
    </p>
   </div>
  </div>
 </body>
</html>
