3544 5320
850 324 1027 384 ..74-

298 531 529 618 posteris...
554 531 711 618 signum
747 531 918 615 quoddam
955 531 1185 598 sententiae
1220 533 1347 598 suae.“
1404 527 1491 596 Cum
1525 528 1585 596 tali

299 638 554 724 comparatione
572 641 720 724 respecta
737 655 806 706 non
823 637 963 705 dubium
981 638 1033 717 sit,
1050 637 1131 722 quin
1149 655 1176 704 c.
1192 636 1250 706 Ac.
1267 634 1311 703 111
1327 636 1404 720 §40
1419 635 1584 703 artissime

299 744 503 813 conectenda
524 745 566 812 sit
577 762 653 813 curn
666 741 694 810 11
706 745 749 827 §§
764 744 803 811 16
816 761 902 828 sqq,
915 744 949 811 in
961 743 1030 811 iine
1050 744 1149 830 igitur
1165 744 1301 812 demum
1319 743 1392 811 libri
1410 740 1464 810 111.
1482 759 1584 810 enus-1

303 852 389 919 leate
412 851 594 920 declaretur
618 850 662 931 id,
686 851 729 918 de
745 868 814 936 quo
829 849 1039 936 Augustinus
1060 869 1097 920 se
1113 855 1262 919 actumm
1287 867 1361 918 esse
1385 868 1412 921 c.
1428 847 1582 916 hellas

303 955 472 1026 et11114
501 957 717 1045 significavit,
752 958 851 1026 etiam
881 956 971 1026 aliud
999 957 1147 1028 eflicitur.
1204 956 1312 1043 Supra
1347 975 1426 1043 pag.
1454 956 1498 1024 38
1529 973 1580 1040 sq.

303 1065 466 1151 exemplis
490 1064 650 1134 illustravi
674 1065 717 1132 ab
740 1068 874 1133 auctore
898 1063 1065 1132 interdum
1094 1064 1301 1132 elocutiones
1326 1063 1490 1149 quasdam
1515 1063 1584 1130 iam

300 1171 466 1240 adhibitas
491 1171 575 1239 miro
600 1171 704 1240 modo
728 1170 845 1252 iterari,
869 1169 961 1256 quod
978 1169 1079 1238 nobis
1095 1171 1140 1237 ita
1155 1170 1330 1238 videbatur
1345 1169 1580 1256 explicandum

300 1296 386 1356 esse,
412 1282 447 1345 ut
469 1279 524 1346 ille
547 1281 707 1345 nontam
731 1295 768 1346 se
791 1276 903 1363 ipsum
925 1294 1029 1361 quarn
1052 1276 1180 1345 tontem
1200 1277 1348 1344 imitatus
1371 1277 1423 1344 sit.
1470 1275 1581 1344 Huius

299 1385 505 1472 suspicionis
531 1383 779 1452 confirmandae
803 1401 904 1451 causa
927 1401 996 1450 non
1021 1383 1133 1450 minus
1163 1383 1410 1469 respiciendum
1435 1385 1485 1450 est
1509 1383 1584 1450 eius

298 1491 477 1560 verborum
502 1490 733 1559 cohaerentiae
756 1486 973 1569 c.Ac.1124,
999 1490 1096 1558 cuius
1117 1490 1288 1557 simillima
1313 1489 1414 1556 nobis
1442 1489 1581 1556 occurrit

301 1598 335 1665 in
367 1595 474 1678 1129,
508 1597 733 1666 elocutionem
774 1596 891 1680 „quasi
926 1595 1093 1682 prolanis“
1120 1596 1220 1664 etiam
1244 1597 1279 1663 in
1311 1595 1369 1664 hb.
1385 1592 1440 1663 Ill.
1457 1596 1511 1663 40.
1547 1596 1582 1663 in

301 1703 422 1773 eodem
447 1704 684 1772 sententiarum
709 1720 839 1771 conexu
863 1702 1029 1789 repeti...
1053 1759 1057 1767 .

388 1809 459 1877 Etsi
481 1810 562 1878 satis
586 1809 697 1878 adhuc
719 1810 933 1895 perspicuum
958 1815 1008 1877 est
1031 1810 1066 1877 in
1089 1810 1111 1894 ς
1133 1810 1177 1876 lo
1201 1808 1374 1879 Ciceronis
1397 1809 1582 1877 sententias

299 1916 447 2003 prolerri,
470 1920 583 1985 tamen
606 1916 841 2003 gravissimum
866 1920 1101 2002 argumentum
1126 1916 1240 1984 nititur
1263 1917 1315 1984 his
1338 1916 1450 1983 dictis:
1484 1915 1581 1994 ,lllos

299 2026 410 2092 autem
434 2025 522 2092 bene
546 2023 737 2091 dialecticos
767 2022 815 2092 de
845 2023 979 2091 verbis
1013 2041 1172 2092 movere
1207 2023 1442 2108 quaestionem
1477 2023 1582 2090 insul·

300 2132 409 2198 tautes
426 2179 433 2195 .
451 2180 459 2197 .
477 2179 485 2197 .
502 2129 759 2216 prohibebant“,
783 2146 870 2214 quae
895 2129 1123 2216 adiunguntur
1147 2130 1211 2197 illis
1235 2129 1515 2216 explicationibus
1538 2128 1582 2196 de

300 2236 466 2324 probabili
506 2240 538 2304 et
576 2236 644 2304 veri
681 2235 791 2305 simili.
849 2235 1078 2322 Respicientes
1116 2236 1206 2304 enim
1235 2255 1264 2305 c.
1293 2235 1351 2304 Ac.
1379 2235 1403 2304 11
1439 2235 1483 2302 24
1506 2253 1579 2320 sqq.

299 2343 458 2430 Alypium
483 2343 553 2428 pari
577 2342 681 2411 modo
704 2343 1027 2430 argumentationem
1044 2342 1202 2430 Trygetii,
1225 2342 1283 2428 qui
1306 2361 1347 2411 err
1371 2344 1473 2410 verbo
1493 2342 1581 2420 ,veri

300 2450 430 2530 simile“
454 2448 674 2518 Academicos
698 2450 895 2536 redarguere
918 2449 1054 2530 studuit,
1084 2450 1205 2517 reicere
1227 2449 1392 2530 videmus,
1416 2467 1494 2516 cum
1520 2467 1583 2527 ,er

300 2557 512 2626 auctoritate
539 2555 711 2624 Ciceronis
738 2557 791 2634 ,in
808 2557 900 2624 verbi
916 2557 1195 2624 controversiam
1222 2556 1313 2624 illabi
1332 2556 1580 2642 ,turpissimum

299 2663 374 2730 sit·.
421 2662 524 2745 Quod
541 2662 663 2731 deinde
686 2663 721 2730 in
744 2663 825 2748 §26
848 2663 949 2730 huius
973 2663 1081 2748 ipsius
1096 2662 1207 2731 verbis
1222 2663 1444 2730 confirmatur.
1492 2661 1579 2730 Cum

302 2772 414 2837 autern
440 2775 472 2838 et
494 2787 523 2837 c.
538 2768 596 2837 Ac.
613 2768 696 2836 1124
712 2769 796 2838 etlll
813 2770 856 2837 40
871 2770 1045 2837 vocabulis
1063 2770 1150 2848 ,veri
1166 2770 1294 2838 simile¹¹
1314 2772 1345 2856 et
1364 2770 1576 2854 ,probabile“

300 2876 482 2963 explicetur
507 2875 729 2950 Academicos
756 2876 850 2944 aliter
880 2877 1027 2944 sensisse
1055 2880 1155 2962 atque
1188 2876 1314 2944 dixisse
1341 2892 1453 2960 neque
1480 2876 1579 2962 igitur

301 2982 343 3051 de
366 2984 431 3052 illis
456 2983 647 3052 certandum
671 3000 759 3061 esse,
788 2984 881 3068 quin,
910 3001 977 3069 qua
1006 2983 1133 3051 ratione
1155 2982 1366 3069 Augustinus
1390 2982 1433 3066 ᾗς
1447 2982 1491 3049 37
1503 2999 1578 3068 sqq.

301 3089 413 3171 utitur,
443 3093 483 3168 ¹ut
517 3092 637 3158 horum
672 3089 953 3176 philosophorum
989 3109 1101 3158 veram
1136 3089 1333 3158 sententiam
1370 3089 1514 3158 declaret
1547 3092 1579 3156 et

300 3196 467 3277 delendat,
491 3197 609 3266 eadem
633 3195 784 3264 Tulliana
807 3197 860 3278 sit,
885 3197 961 3282 quis
985 3196 1132 3264 dubitet?

388 3304 410 3388 ς
426 3301 498 3394 41¹)
518 3303 660 3372 breviter
682 3303 984 3389 comprehenditur,
1010 3304 1105 3389 quod
1124 3302 1220 3371 cAc.
1238 3303 1263 3372 11
1283 3303 1323 3371 15
1342 3305 1412 3371 erat
1432 3321 1579 3370 comme·

300 3413 477 3490 moratum,
488 3411 598 3495 qualis
609 3408 790 3478 Academia
802 3412 909 3479 aetate
922 3409 1095 3479 Ciceronis
1107 3411 1298 3479 auctoribus
1310 3409 1452 3478 Philone
1469 3413 1502 3478 et
1511 3409 1578 3478 An·

299 3515 414 3583 tiocho
430 3515 536 3583 luerit.
561 3515 661 3584 Haud
677 3515 812 3584 diiticile
833 3517 887 3584 hic
902 3533 1041 3601 quoque
1056 3517 1294 3586 similitudines
1314 3517 1481 3602 quaedam
1502 3535 1578 3584 curn

299 3620 508 3692 Academicis
524 3623 745 3692 inveniuntur.
782 3622 901 3691 Cicero
918 3623 1009 3691 enim
1020 3622 1078 3692 Ac.
1096 3623 1120 3692 11
1136 3624 1179 3691 69
1191 3622 1395 3693 Antiochum
1412 3625 1579 3710 opinatur,

300 3731 336 3796 ut
357 3726 573 3796 Academiam
604 3729 812 3814 relinqueret
844 3747 886 3798 eo
915 3733 1122 3798 commotum
1152 3748 1238 3812 esse,
1268 3731 1363 3816 quod
1396 3733 1581 3810 ,sustinere

299 3853 499 3906 concursum
516 3837 669 3904 omnium
685 3837 986 3923 philosophorum¹⁴
1006 3855 1075 3904 non
1093 3837 1247 3925 potuerit.
1280 3837 1426 3906 Eadem
1450 3841 1580 3907 autem

300 3960 419 4010 causa
461 3942 657 4010 deiectionis
699 3945 742 4011 ab
777 3942 968 4029 Augustino
1004 3943 1137 4012 ailertur
1174 3944 1299 4012 verbis:
1351 3944 1502 4024 ,Deinde
1545 3945 1580 4011 in

300 4052 450 4117 nostrum
474 4048 619 4116 Tullium
643 4049 811 4118 conilictio
834 4049 897 4118 ista
920 4050 1051 4118 duravit
1156 4051 1274 4118 ultimo
1298 4053 1414 4138 spiritu
1443 4052 1579 4120 Latinas

300 4154 411 4222 literas
446 4155 599 4224 inllatura
718 4155 852 4238 Quibus
875 4160 987 4225 tamen
1010 4157 1119 4225 ventis
1143 4207 1203 4224 ...
1228 4157 1415 4227 Antiochus
1438 4159 1519 4226 satis
1544 4208 1577 4225 ..

300 4261 472 4347 dispersus
495 4265 611 4345 esus).
658 4262 789 4330 Deinde
804 4262 991 4331 Antiochus
1014 4265 1228 4350 vituperatur,
1253 4266 1346 4350 quod
1361 4265 1578 4333 Academiam

300 4372 443 4436 veterem
461 4369 650 4438 Stoicorum
676 4370 816 4438 decretis
838 4372 1127 4439 contaminaverit:
1155 4423 1182 4450 „.
1201 4424 1208 4437 .
1224 4372 1409 4441 Antiochus
1428 4423 1461 4440 ..
1486 4373 1580 4440 audi·

390 4545 413 4615 ¹)
431 4545 571 4605 Krischius
589 4562 652 4619 pag.
674 4547 733 4611 146,
755 4547 817 4613 166;
837 4547 926 4602 Zeller
949 4563 1009 4619 pag.
1029 4547 1082 4604 592
1100 4549 1163 4606 adn.
1182 4549 1208 4615 3,
1226 4549 1280 4606 594
1298 4551 1361 4606 adn.
1380 4550 1406 4606 2.

389 4634 412 4704 Ξ1
431 4635 483 4691 llic
500 4638 637 4692 auctorem
657 4638 778 4706 pendere
796 4651 812 4691 a
830 4638 891 4692 loco
903 4635 1042 4693 Ciceronis
1055 4639 1277 4694 Academicorum
1293 4642 1386 4694 nescio
1404 4654 1459 4709 quo
1472 4640 1582 4709 perdito

298 4725 452 4793 suspicatus
472 4728 514 4781 est
533 4725 626 4796 tloyer
644 4740 705 4797 pag.
723 4725 766 4782 55.
