3544 5320
736 404 913 464 ...47-

352 627 401 676 ·c.
418 607 475 676 Ac.
492 608 529 676 lll
549 610 603 676 ll:
1039 610 1111 678 Fin.
1129 609 1199 677 128
1217 628 1281 696 sq.:

231 714 266 782 Si
318 717 431 783 tamen
477 716 552 796 hoc,
604 716 696 803 quod
742 717 798 783 in·
898 715 1270 803 Certe...pertinax
1297 734 1366 783 non
1395 733 1463 783 eru.

183 821 532 907 terrogationihus
577 827 610 890 te
649 827 797 890 acturum
855 821 1042 910 ...(29)
1092 822 1159 890 Sed
1199 823 1246 890 uti
1281 822 1465 890 oratione

187 947 262 996 esse
293 928 476 1014 significas,
508 929 542 995 in
570 930 797 997 orationem
853 933 1050 1015 perpetua
1085 929 1177 997 malo
1210 947 1312 1015 quam
1344 929 1465 997 inter·

187 1039 464 1122 perpetuam..
482 1035 579 1103 malis
596 1038 797 1118 convertere,
853 1054 993 1122 rogare
1016 1039 1072 1103 aut
1095 1036 1344 1122 interrogari.

187 1160 230 1209 ne
259 1160 336 1210 vere
366 1146 402 1209 ut
431 1142 616 1227 pertinax
645 1142 798 1210 adversa·

187 1249 255 1316 rius
272 1299 280 1316 .
298 1299 305 1315 .
323 1299 330 1314 .
347 1249 409 1317 abs
432 1252 464 1316 te
481 1299 489 1316 .
507 1298 516 1315 .
534 1298 541 1314 .
558 1249 731 1317 excrucier.

276 1354 311 1422 ln
327 1356 348 1440 ς
361 1355 400 1422 14
412 1354 620 1441 Augustinus
634 1355 782 1443 disponit
795 1355 965 1423 materiam
978 1355 1044 1422 iarn
1057 1353 1276 1423 tractandam:
1293 1405 1320 1432 ,.
1335 1407 1342 1422 .
1356 1371 1464 1441 pauca

183 1466 300 1532 contra
324 1479 384 1530 eos
408 1461 579 1540 disseram,
607 1453 732 1548 quihus
754 1461 908 1530 videntur
931 1462 1175 1548 disputationes
1198 1461 1275 1531 illae
1298 1461 1465 1531 adversari

187 1569 325 1636 veritati.
382 1567 524 1649 Deinde,
553 1571 589 1635 ut
617 1569 699 1635 mihi
726 1569 866 1650 videtur,
895 1569 1084 1649 ostendam,
1121 1586 1207 1656 quae
1235 1586 1336 1638 causa
1369 1568 1467 1637 fuerit

184 1674 395 1743 Academicis
419 1674 637 1743 occultandae
661 1676 847 1744 sententiae
875 1684 986 1743 suae'.“
1037 1674 1104 1743 Sed
1133 1675 1241 1761 placet
1268 1676 1299 1743 ei
1328 1675 1362 1742 in
1385 1677 1407 1759 §
1427 1674 1466 1742 15

187 1782 280 1868 prius
309 1799 489 1867 exponere,
517 1799 620 1867 quare
647 1786 832 1860 ,amatores
856 1781 1132 1851 Academicorum
1163 1782 1296 1868 gloriari
1324 1781 1466 1851 nimium

175 1887 350 1956 ·soleant“.
401 1886 506 1966 ,Nam
536 1892 616 1969 est,“
643 1889 760 1975 pergit,
788 1888 958 1968 ,inlibris
983 1887 1166 1969 Ciceronis,
1191 1889 1336 1975 quosin
1366 1889 1466 1956 huius

184 2013 310 2063 causae
344 1995 566 2080 patrocinium
596 1996 738 2082 scripsit,
766 1995 860 2064 locus
883 1995 1032 2081 quidam,
1057 1999 1093 2063 ut
1115 1995 1197 2062 mihi
1220 1995 1360 2074 videtur,
1384 1995 1466 2062 mira

188 2102 376 2169 urbanitate
392 2101 559 2182 conditus,
583 2106 619 2169 ut
642 2103 814 2170 nonnullis
834 2106 957 2182 autem,
980 2103 1080 2170 etiam
1105 2102 1258 2170 firmitate
1282 2103 1466 2170 roboratus.

188 2208 334 2284 Difficile
358 2211 408 2275 est
431 2226 578 2294 prorsus,
604 2213 639 2276 ut
662 2227 868 2295 quemquam
893 2227 962 2276 non
986 2211 1131 2290 moveat,
1155 2207 1248 2293 quod
1272 2209 1319 2276 ibi
1343 2208 1466 2276 dictum

188 2318 249 2395 est,
272 2314 475 2383 Academico
499 2315 642 2401 sapienti
666 2315 708 2382 ab
733 2316 893 2383 omnibus
918 2318 1098 2384 ceterarum
1122 2318 1300 2396 sectarum,
1321 2315 1379 2401 qui
1404 2314 1468 2382 sibi

184 2423 359 2509 ,sapientes
382 2422 545 2503 videntur,
569 2422 735 2490 secundas
751 2426 861 2507 partes
877 2423 958 2502 dari,
983 2441 1058 2489 cum
1076 2422 1200 2508 primas
1217 2422 1281 2489 sibi
1298 2439 1469 2508 quemque

188 2529 358 2599 vindicare
381 2547 520 2599 necesse
543 2531 594 2597 sit.
633 2529 683 2596 Ex
699 2548 768 2616 quo
784 2547 887 2616 posse
903 2530 1119 2615 probabiliter
1133 2529 1265 2609 confici,
1289 2547 1366 2596 eum
1383 2532 1469 2596 recte

187 2636 334 2723 primum
363 2655 440 2704 esse
462 2654 526 2704 suo
555 2635 691 2716 iudicio,
720 2636 778 2722 qui
805 2637 958 2705 omnium
982 2640 1166 2704 ceterorum
1198 2635 1323 2702 iudicio
1347 2635 1391 2702 sit
1417 2653 1468 2702 se·

191 2743 353 2811 cundus.“
373 2742 479 2826 Quod
495 2742 617 2810 deinde
633 2745 654 2826 ᾗ
670 2743 709 2810 16
727 2743 865 2829 copiose
882 2744 1085 2829 explanatur.
1103 2741 1166 2810 Hic
1181 2742 1276 2809 locus
1288 2740 1469 2821 Ciceronis,

185 2868 265 2918 cum
283 2850 317 2916 in
328 2848 538 2918 Academicis
553 2851 691 2917 servatis
704 2867 774 2918 non
790 2850 986 2930 inveniatur,
1003 2850 1037 2916 in
1053 2849 1247 2935 fragmentis
1264 2848 1468 2934 perditorum

188 2956 372 3024 collocatus
395 2960 454 3024 est.
494 2956 562 3025 Sed
578 2957 677 3024 velim
699 2975 774 3024 cum
798 2958 850 3024 his
871 2957 1023 3024 conferas
1038 2955 1096 3024 Ac.
1113 2955 1137 3023 ll
1153 2956 1184 3022 7:
1211 2955 1344 3032 „Restat
1364 2971 1468 3020 unum

185 3080 300 3149 genus
323 3063 612 3150 reprehensorum,
629 3064 754 3150 quibus
769 3062 969 3132 Academiae
991 3064 1075 3130 ratio
1092 3081 1161 3130 non
1186 3062 1353 3148 probatur.
1377 3059 1469 3145 quod

186 3170 327 3255 gravius
361 3169 531 3250 ferremus,
566 3170 594 3236 si
630 3171 810 3256 quisquam
848 3169 949 3236 ullam
985 3168 1197 3253 disciplinam
1232 3165 1470 3253 philosophiae

189 3277 348 3361 probaret
363 3280 492 3362 praeter
508 3295 593 3356 eam,
610 3295 711 3362 quam
729 3276 802 3361 ipse
818 3279 1039 3361 sequeretur.“
1067 3273 1154 3342 Cum
1178 3275 1232 3342 his
1254 3273 1470 3360 praefationis

190 3383 301 3450 verbis
317 3382 345 3448 si
361 3400 389 3451 c.
401 3381 459 3450 Ac.
476 3373 514 3450 lll
529 3382 568 3450 15
585 3381 775 3462 contuleris,
797 3382 894 3449 facile
911 3381 1083 3468 intelleges
1105 3381 1149 3461 id,
1175 3380 1268 3468 quod
1284 3379 1469 3448 secundum

191 3488 371 3575 Augustini
399 3489 501 3558 verba
528 3489 562 3556 in
591 3507 747 3557 sermone
778 3489 908 3574 perdito
937 3489 1060 3556 dictum
1089 3491 1172 3569 erat,
1207 3487 1333 3574 primas
1361 3488 1471 3572 partes

188 3596 257 3663 sibi
282 3614 453 3682 quemque
468 3595 636 3664 vindicare
660 3613 798 3664 necesse
822 3612 907 3676 esse,
931 3594 988 3663 Ac.
1008 3594 1031 3660 ll
1054 3595 1189 3681 7quasi
1214 3611 1275 3680 pro
1297 3592 1471 3678 explorato

194 3701 318 3780 baberi,
349 3720 425 3768 cum
453 3702 542 3768 illius
573 3701 699 3770 iudicio
727 3703 964 3788 unusquisque
992 3719 1088 3769 suam
1123 3701 1231 3786 ipsius
1259 3699 1471 3784 disciplinam

194 3808 302 3875 solam
327 3809 446 3894 probet
475 3809 588 3894 itaque
610 3808 887 3876 Academicorum
916 3809 1077 3875 rationem
1108 3826 1127 3875 a
1154 3807 1271 3874 ceteris
1293 3805 1472 3891 vituperari

187 3918 456 3983 consentaneum
481 3916 533 3982 sit.

282 4020 350 4089 lam
374 4039 555 4108 pergamus
579 4024 757 4106 utrumque
782 4024 950 4089 auctorem
975 4021 1060 4088 inter
1083 4039 1119 4088 se
1140 4037 1343 4105 comparare.
1383 4015 1472 4084 Con-

188 4132 318 4214 gruunt
342 4129 375 4194 hi
400 4128 479 4196 loci:
924 4192 927 4200 ,
959 4185 960 4188 ,

374 4252 403 4304 c.
426 4233 489 4301 Ac.
514 4233 551 4301 Ill
578 4234 627 4301 17:
834 4233 837 4412 Ι
1082 4231 1143 4302 Ac.
1168 4232 1250 4299 119:

242 4359 316 4445 Ego
419 4359 485 4426 hoc
512 4377 588 4425 curn
617 4358 681 4425 isto
710 4375 808 4424 com·
907 4357 994 4424 Nam
1025 4356 1118 4443 quod
1149 4356 1264 4423 dicunt
1293 4354 1406 4422 omnia
1436 4370 1473 4419 se

195 4483 313 4532 mune
329 4465 450 4544 habeb,
467 4465 559 4550 quod
576 4464 715 4544 dubitat,
733 4465 810 4549 quis
863 4463 996 4531 credere
1012 4465 1054 4544 ei,
1078 4481 1179 4549 quem
1201 4461 1348 4529 iudicent
1370 4460 1474 4526 luisse

193 4575 341 4638 vestrum
375 4589 491 4638 verum
526 4574 694 4657 sequatur.
741 4569 808 4638 Sed
864 4571 1061 4656 sapientem,
1075 4569 1261 4655 probarem,
1275 4569 1304 4635 si
1316 4567 1349 4634 id
1363 4568 1473 4653 ipsum

196 4677 361 4746 hahemus
375 4679 476 4746 etiam
501 4678 653 4764 proprias
677 4679 808 4744 senten·
864 4676 962 4743 rudes
979 4679 1011 4743 et
1034 4675 1159 4743 indocti
1183 4674 1327 4742 iudicare
1346 4672 1475 4758 potuis·

191 4785 258 4852 tias
276 4837 283 4853 .
302 4835 335 4852 ..
359 4785 446 4852 Nam
471 4784 552 4852 mihi
575 4784 736 4851 incertum
759 4786 809 4851 est
864 4786 939 4851 sent
968 4780 1156 4868 (statuere
1189 4781 1294 4848 enim
1326 4779 1393 4865 qui
1425 4779 1477 4846 sit
