3544 5320
731 413 908 474 ..87-

176 639 223 686 an
239 617 440 687 Academiae
463 637 572 686 novae
596 619 796 687 sententiam
821 623 956 688 secutus
976 623 1047 688 est?
1071 620 1247 690 Faciamus
1263 623 1328 690 hoc
1342 621 1458 690 luisse.

178 726 326 795 Primum
365 729 505 806 constat,
541 726 632 810 quod
661 725 828 794 Hirzelius
857 727 986 812 pressit,
1025 728 1255 814 compluribus
1289 727 1454 805 ,Luculli“

179 833 262 901 locis
290 833 529 917 explicationes
559 831 731 900 Ciceronis
762 833 927 921 expressis
955 835 1065 902 verbis
1094 834 1203 902 reterri
1227 835 1458 920 imprimisque

179 940 330 1008 oratione
353 939 447 1008 finita
456 939 482 1026 1)
506 941 595 1006 hunc
619 940 740 1018 solum,
765 944 801 1008 ut
822 940 1019 1008 sententiam
1040 958 1136 1008 suam
1155 944 1268 1027 mutet,
1284 959 1303 1008 a
1319 941 1458 1010 Lucullo

177 1047 363 1117 admoneri.
431 1045 473 1114 At
516 1046 595 1114 inde
637 1047 736 1139 etiam
781 1047 871 1115 aliud
914 1047 1132 1115 concluditur,
1197 1047 1328 1118 Etenim
1380 1065 1456 1116 cum

178 1153 347 1232 Lucullus,
388 1155 423 1220 ut
456 1152 676 1222 Academicos
716 1154 852 1235 refellat,
888 1152 1084 1222 Ciceronem
1121 1154 1310 1239 alloquatur
1344 1158 1377 1222 et
1415 1174 1458 1225 ne

180 1278 267 1327 unus
291 1259 428 1344 quidem
450 1260 539 1328 illius
559 1261 721 1329 orationis
742 1261 836 1328 locus
864 1259 971 1328 aiterri
1000 1261 1119 1346 possit,
1147 1279 1187 1328 ex
1210 1279 1279 1345 quo
1300 1260 1456 1330 Catulum

178 1367 372 1452 appellari2)
397 1367 565 1451 huiusque
589 1367 753 1452 quasdam
778 1367 1008 1452 expositiones
1025 1367 1143 1453 respici
1160 1368 1388 1454 colligendum
1404 1369 1456 1450 sit,

176 1492 237 1540 cur
263 1472 421 1542 Catulum
449 1473 484 1540 in
514 1473 653 1559 dialogo
677 1474 805 1560 perdito
837 1475 952 1544 nescio
984 1491 1085 1558 quem
1108 1473 1385 1543 Academicorum
1409 1495 1457 1544 re·

175 1580 365 1648 centiorum
386 1584 538 1648 secutum
555 1599 630 1648 esse
647 1581 866 1667 suspicemur,
891 1581 1032 1648 omnino
1049 1598 1119 1648 non
1137 1581 1312 1650 habemus.
1351 1582 1457 1650 Immo

179 1688 245 1755 hoc
259 1687 330 1754 lieri
347 1705 416 1755 non
433 1687 556 1774 potuit:
581 1686 740 1767 Primum,
757 1688 887 1756 etiamsi
903 1687 1058 1756 Catulum
1075 1687 1240 1772 quasdam
1256 1687 1457 1757 Academiae

176 1813 288 1862 novae
312 1797 422 1881 partes
445 1794 636 1880 suscepisse
660 1794 818 1879 opineris,
843 1795 916 1862 eius
938 1794 1061 1880 primas
1085 1795 1202 1864 saltem
1227 1796 1340 1880 egisse
1365 1795 1457 1864 Cice·

176 1921 295 1969 ronem
320 1903 433 1988 ipsum
457 1902 640 1971 certissime
656 1901 777 1981 elucet;
802 1901 975 1986 quodnisi
999 1903 1098 1980 esset,
1124 1901 1157 1966 in
1174 1900 1301 1969 Luculli
1318 1921 1455 1988 respon·

175 2009 275 2076 sione
299 2010 398 2076 huius
425 2027 536 2092 neque
562 2012 675 2076 tamen
703 2007 792 2075 illius
821 2009 1081 2093 explicationum
1110 2026 1267 2095 expresse
1294 2011 1456 2079 rationem

174 2117 293 2184 haberi
317 2135 387 2184 non
411 2116 650 2202 intellegerem.
694 2114 826 2182 Deinde
851 2116 915 2181 hoc
937 2115 1117 2182 constituto
1142 2133 1230 2194 eum,
1259 2118 1318 2200 qui
1342 2117 1456 2185 adver·

178 2224 285 2290 sarius
309 2222 510 2291 Academiae
533 2240 643 2290 novae
670 2221 802 2300 exstitit,
838 2224 967 2307 praeter
996 2239 1084 2302 eum,
1120 2221 1177 2306 qui
1202 2222 1301 2310 huius
1324 2224 1457 2310 gravior

173 2328 337 2397 defensor
360 2333 428 2396 erat
453 2329 486 2415 (i.
503 2348 530 2396 e.
552 2328 695 2415 Cicero),
720 2329 845 2414 primas
869 2332 977 2413 partes
1002 2329 1113 2415 egisse
1137 2329 1294 2415 colligere
1317 2348 1457 2398 necesse

178 2440 238 2503 est.
286 2435 384 2518 Quae
417 2435 599 2504 Hortensio
628 2435 835 2503 addicendae
868 2436 991 2514 essent,
1025 2453 1100 2502 cum
1134 2452 1174 2502 ex
1201 2434 1260 2501 Ac.
1285 2433 1315 2502 H
1339 2436 1382 2502 28
1404 2437 1456 2504 his

172 2543 302 2611 verbis:
330 2543 399 2620 „Ex
422 2543 487 2611 hoc
510 2542 590 2609 illud
614 2546 664 2610 est
688 2545 814 2620 natum,
847 2541 939 2626 quod
963 2541 1154 2628 postulabat
1178 2540 1388 2622 Hortensius,
1422 2548 1458 2612 ut
1561 2609 1563 2613 ,

172 2649 212 2716 id
237 2651 348 2736 ipsum
373 2650 491 2718 saltem
516 2651 710 2735 perceptum
735 2669 754 2716 a
778 2649 929 2734 sapiente
953 2647 1114 2727 diceretis,
1143 2647 1225 2714 nihil
1253 2667 1355 2734 posse
1384 2668 1456 2735 per-

178 2756 264 2842 cipi“
302 2758 344 2824 ab
369 2754 536 2824 Antiocho
571 2757 636 2823 illic
672 2774 749 2823 eum
779 2752 945 2842 stetissess)
983 2757 1133 2841 apertum
1168 2756 1220 2835 sit,
1254 2758 1290 2822 ut
1318 2754 1457 2825 Catulus

179 2863 279 2930 huius
303 2862 474 2931 inferiores
503 2866 613 2949 partes
642 2866 765 2948 ageret.
823 2861 977 2942 Aleum,
1013 2862 1107 2929 cuius
1136 2863 1272 2930 nomine
1303 2863 1386 2931 liber
1408 2864 1457 2930 in·

172 2970 341 3049 scribitur,
377 2970 411 3037 in
440 2969 578 3055 dialogo
607 2969 801 3036 adiunctum
830 2986 907 3035 esse
934 2968 1066 3035 tertium
1091 2986 1226 3053 prorsus
1255 2970 1410 3037 abhorrel
1438 2989 1457 3038 a

178 3076 423 3168 probabilitate.
469 3075 588 3157 Neque
612 3076 656 3140 ita
679 3075 784 3141 tuisse
808 3074 875 3141 alio
890 3075 994 3142 modo
1010 3075 1173 3162 cognosci
1190 3093 1292 3160 posse
1309 3077 1456 3144 arbitror.

180 3181 358 3268 Propterea
383 3183 486 3250 attero
510 3182 552 3248 ad
575 3180 640 3248 Att.
665 3178 744 3247 ΧΠΙ
770 3199 821 3266 ep.
848 3181 950 3260 16,1:
989 3181 1098 3259 ,lllam
1123 3183 1362 3272 Ἀκαδημαϊκὴν
1385 3189 1457 3250 οὑν-

171 3291 261 3364 ·ταξιν
289 3291 393 3356 totam
417 3289 461 3356 ad
486 3288 670 3356 Varronem
694 3287 913 3356 traduximus.
961 3287 1071 3354 Primo
1107 3289 1168 3356 luit
1199 3287 1349 3369 Catuli,
1385 3290 1456 3357 Lu·

171 3397 289 3477 culli,
313 3396 531 3465 Hortensii,
578 3394 664 3463 Ecce
700 3398 779 3462 tuae
807 3395 919 3462 literae
948 3395 990 3463 de
1010 3394 1167 3463 Varrone.
1218 3395 1354 3463 Nemini
1384 3398 1456 3464 visa

179 3506 230 3570 est
245 3504 352 3589 aptior
367 3502 606 3571 Antiocheia
629 3503 743 3570 ratio.“
793 3500 902 3582 Addo,
927 3519 1015 3586 quae
1038 3501 1160 3588 scripta
1185 3505 1263 3569 sunt
1284 3503 1318 3569 in
1342 3522 1396 3589 ep.
1417 3505 1456 3571 19

179 3610 223 3677 ad
244 3607 493 3693 Att.Xlll§5:
521 3608 632 3687 ,Haec
654 3608 865 3687 Academica,
900 3612 936 3675 ut
971 3609 1046 3688 scis,
1084 3627 1160 3675 cum
1184 3607 1347 3689 Catulo,
1383 3611 1456 3678 Lu·

170 3717 301 3797 -cullo,
326 3716 543 3784 Hortensio
569 3716 805 3784 contuleram.“
853 3714 986 3797 Quodsi
1013 3715 1184 3804 superiore
1214 3734 1353 3802 quoque
1380 3719 1455 3786 loco

179 3825 213 3890 hi
238 3824 358 3891 eodem
383 3824 501 3892 ordine
525 3825 750 3903 nominantur,
776 3823 840 3890 hoc
863 3840 933 3889 non
967 3822 1101 3889 fortuito
1134 3822 1194 3890 scd
1217 3823 1455 3891 tantummodo

178 3929 222 3998 de
246 3931 405 4016 partibus,
430 3949 514 4014 quas
538 3931 683 4015 quisque
712 3929 746 3995 in
776 3929 920 4014 dialogis
949 3929 1026 4014 egit,
1055 3927 1173 3997 Cicero
1210 3931 1293 3997 mihi
1328 3929 1456 3997 videtur

177 4037 309 4104 iecisse.
335 4037 393 4104 Sin
410 4037 554 4122 primum
572 4040 749 4123 patronum
762 4035 1047 4116 Academicorum,
1064 4035 1187 4103 deinde
1202 4039 1456 4123 oppugnatores

178 4143 294 4210 altene
328 4145 363 4211 in
387 4145 501 4211 animo
525 4144 710 4224 habuisset,
746 4143 838 4227 quod
862 4142 1079 4209 Hortensium
1115 4146 1256 4227 utroque
1279 4142 1356 4211 loco
1380 4146 1457 4228 post

170 4251 364 4330 Lucullum,
388 4249 544 4319 Antiochi
569 4251 779 4318 defensorem
800 4246 940 4329 librili,
965 4250 1187 4331 nominasset,
1212 4250 1331 4317 mirum
1356 4255 1455 4319 esset.

177 4357 284 4424 lmmo
310 4358 363 4424 hic
386 4357 563 4424 nominum
588 4356 672 4424 ordo
697 4357 740 4424 ita
757 4357 839 4423 mihi
860 4356 1078 4442 explicandus
1101 4357 1229 4424 videtur
1252 4374 1338 4435 esse,
1364 4361 1399 4425 ut
1423 4359 1456 4439 ii,

178 4464 236 4548 qui
261 4464 314 4532 hic
337 4466 438 4547 alque
466 4463 532 4530 illic
559 4463 728 4550 graviores
752 4463 932 4530 adversarii
962 4460 1132 4531 Ciceronis
1155 4462 1286 4544 tuerint,
1316 4461 1456 4533 Catulus

269 4641 513 4710 bfflssfflm

267 4728 462 4798 bmfflffl.

267 4817 609 4886 bdfflmmhm
