3544 5320
744 413 922 473 ..9.-

195 617 235 686 C.
258 617 515 687 Thiaucourt:
554 619 654 703 (,Les
687 617 931 705 Academiques
970 619 1013 688 de
1045 618 1186 688 Ciceron
1223 621 1257 686 et
1293 617 1325 686 le
1358 620 1473 686 contra

284 724 505 794 Academicos
518 724 560 794 de
573 725 667 794 Saint
680 724 884 812 Augustin‘:
899 726 1076 814 Melanges
1089 726 1246 806 Boissier,
1255 724 1349 793 Paris
1362 723 1473 812 1903),

284 831 377 918 quod
402 832 555 919 singulos
577 833 750 919 utriusque
773 833 917 901 auctoris
939 833 1034 902 locos
1058 851 1128 902 non
1152 835 1335 919 pertractat,
1358 833 1391 900 et

195 957 235 1024 A.
259 957 445 1026 Ldrcher:
475 957 581 1042 (,Das
605 957 746 1025 Fremde
770 957 840 1026 und
864 958 925 1026 das
949 956 1078 1045 Eigene
1102 958 1137 1025 in
1161 957 1296 1026 Ciceros
1319 956 1472 1024 Buchem

285 1064 327 1132 de
365 1063 506 1132 Finibus
544 1064 716 1133 Bonorum
754 1068 786 1132 et
823 1064 990 1133 Malorum
1030 1064 1100 1132 und
1139 1065 1205 1132 den
1238 1062 1472 1143 Academicus

285 1170 392 1239 Halae
428 1189 459 1240 a.
494 1170 528 1240 S.
567 1171 674 1255 1911),
715 1172 773 1258 qui
808 1172 842 1239 in
878 1170 1041 1242 Cicerone
1080 1175 1208 1239 tantum
1246 1169 1472 1258 perquirendo

284 1280 441 1348 versetur.

195 1402 248 1470 Ne
263 1402 440 1470 Woerter
455 1402 592 1490 quidem
609 1404 643 1470 in
660 1402 757 1484 libro,
773 1404 831 1489 qui
845 1402 975 1470 dicitur:
996 1403 1079 1482 ,Die
1092 1401 1474 1487 Geistesentwickelung

285 1509 346 1577 des
377 1508 422 1576 hi.
449 1509 604 1578 Aurelius
630 1509 841 1598 Augustinus
875 1511 928 1577 bis
963 1528 1004 1576 zu
1040 1510 1149 1577 seiner
1182 1507 1316 1588 Taute,“
1351 1507 1473 1576 Puder-

284 1617 411 1684 bornae
443 1615 538 1697 1892,
573 1620 780 1703 quantopere
806 1616 1016 1704 Augustinus
1049 1635 1091 1685 en
1123 1614 1285 1685 Cicerone
1317 1615 1473 1702 pendeat,

285 1718 462 1808 cognoscit
485 1715 543 1810 (ct.¹
563 1722 748 1792 Ohlmann.
773 1741 852 1810 pag.
873 1723 917 1810 6).
1390 1711 1392 1715 ’

375 1828 546 1898 Subtiliter
568 1847 647 1899 vero

196 1952 230 2025 S.
247 1952 412 2028 Reidius
433 1955 468 2022 in
491 1954 697 2041 praefatione
716 1953 992 2024 Academicorum
1014 1954 1172 2023 editionis
1195 1954 1352 2036 (London
1377 1954 1473 2033 1874)

286 2079 364 2148 pag.
399 2061 443 2130 50
476 2080 563 2148 sqq,
598 2063 661 2130 etsi
694 2080 722 2130 c.
754 2061 812 2130 Ac.
847 2061 951 2130 libros
983 2079 1056 2130 non
1091 2060 1241 2140 adhibet,
1269 2060 1319 2127 de
1352 2058 1473 2129 Catulo

286 2169 412 2236 amisso
437 2170 603 2255 quaedam
628 2169 759 2238 conicit.
