3544 5320
424 399 455 416 ιο
525 397 676 430 ''n'1'⁴'¹
723 405 725 410 .
766 407 770 414 .
805 375 871 430 '⁹4⁸-
905 367 925 428 8
963 395 1004 409 ι-

643 431 675 446 ⁸-
720 431 778 449 ιι.

277 570 442 641 Cicerone
476 572 585 659 magis
619 573 766 659 pendere
796 591 898 659 quam
928 573 1001 660 ipse
1028 572 1234 654 confiteatur,
1258 572 1301 640 de
1324 572 1416 641 libris
1439 577 1553 641 contra

277 677 379 746 Acad.
408 679 488 746 satis
517 679 626 747 adhuc
653 680 865 748 enucleatum
894 683 954 748 est.
1000 680 1115 767 ltaque
1145 699 1221 748 cum
1250 698 1387 766 operam
1417 680 1553 748 daturus

277 785 342 852 sim
367 785 577 870 explicando,
613 790 779 872 quatenus
806 790 839 855 et
867 787 1043 873 quomodo
1068 787 1124 854 ille
1148 785 1311 855 Cicerone
1335 804 1417 854 usus
1441 787 1494 866 sit,
1518 786 1552 853 in

276 892 386 977 priore
409 894 502 978 parte
527 891 764 980 disputationis
788 911 958 980 quaeram,
984 897 1150 980 quatenus
1166 892 1384 962 Hortensium
1402 894 1437 961 in
1454 910 1552 960 usum

273 1016 375 1068 suum
398 1000 604 1068 converterit.
642 999 775 1069 Deinde
795 1000 980 1087 praemissa
1001 1000 1226 1087 dispositione
1249 1000 1415 1069 sermonis
1438 1003 1552 1068 contra

274 1103 495 1174 Academicos
530 1106 635 1180 habiti
670 1107 832 1176 illustrare
867 1108 1032 1187 conabor,
1071 1107 1246 1194 quomodo
1284 1106 1340 1174 ille
1379 1105 1553 1176 Ciceronis

274 1210 477 1280 Academica
490 1213 637 1282 imitatus
650 1213 703 1294 sit,
717 1215 752 1281 ut
766 1231 835 1282 non
849 1214 968 1299 prioris
981 1212 1139 1282 editionis
1159 1212 1264 1282 libros
1280 1211 1342 1281 sed
1357 1212 1553 1300 posterioris

275 1318 403 1394 iontem
432 1319 537 1388 luisse
565 1304 786 1406 intellegatur.
836 1319 1010 1390 Postremo
1041 1338 1100 1388 eas
1131 1323 1257 1406 partes,
1272 1319 1554 1399 circumscribam,

276 1443 362 1514 quas
385 1423 597 1495 Academicis
620 1426 758 1513 perditis
781 1425 976 1495 tribuendas
999 1445 1075 1518 esse
1098 1427 1246 1494 arbitror.

366 1530 433 1600 Sed
468 1534 648 1620 antequam
681 1533 724 1601 ad
757 1551 824 1601 rem
841 1534 965 1620 ipsam
993 1533 1161 1619 accedam,
1196 1537 1379 1602 ceterorum
1416 1549 1555 1619 quoque

277 1637 422 1706 virorum
458 1637 633 1707 doctomm
668 1639 772 1708 libros
800 1639 842 1708 de
871 1640 989 1709 eadem
1025 1640 1160 1709 materia
1189 1640 1399 1726 conscriptos
1423 1641 1556 1726 oportet

277 1746 543 1828 commemorari,
572 1747 632 1834 qui
655 1745 792 1836 quidem
816 1766 836 1814 a
859 1764 914 1814 me
938 1747 1077 1832 respecti
1102 1746 1182 1815 sint:

277 1849 418 1926 Orelli:
454 1850 564 1920 Editio
596 1851 887 1934 Academicomm,
926 1852 968 1921 de
1006 1852 1080 1921 Fin.
1111 1853 1182 1924 libr.
1218 1852 1401 1935 Ciceronis,
1440 1855 1556 1920 contra

365 1956 468 2028 Acad.
495 1959 532 2026 111
565 1959 637 2027 libr.
659 1958 855 2047 Augustini;
902 1959 978 2028 edd.
1010 1960 1120 2028 Baiter
1151 1964 1184 2029 et
1210 1960 1364 2034 Halmius
1393 1960 1461 2028 vol.
1492 1957 1555 2039 lv..

366 2063 476 2134 Turici
503 2065 598 2134 1861.
1383 2143 1385 2148 .

279 2169 317 2244 C.
341 2170 378 2240 F.
400 2171 452 2240 W.
476 2172 634 2244 Mriller:
664 2172 781 2242 Cicero
802 2174 844 2242 lV
863 2163 962 2242 32'111
987 2176 1052 2244 hoc
1077 2174 1250 2243 volumine
1273 2172 1443 2243 Hortensii
1470 2172 1556 2260 trag·

368 2281 480 2347 menta
501 2280 622 2349 collata
645 2280 710 2348 sub
734 2281 853 2349 iisdem
879 2282 1027 2351 numeris
1051 2301 1070 2350 a
1094 2299 1148 2349 me
1172 2281 1374 2349 adlemntur.

279 2384 322 2452 H.
345 2385 474 2454 Diels:
512 2386 581 2466 ,Ζιι
600 2387 805 2457 Aristoteles’
830 2387 1059 2474 Protreptilros
1080 2388 1150 2455 und
1171 2386 1318 2457 Cicero’s
1335 2385 1553 2456 Hortensius*

367 2492 501 2578 (Archiv
520 2494 542 2561 t.
560 2493 683 2564 Gesch.
700 2494 733 2562 d.
750 2494 876 2564 Philos.
893 2495 916 2576 1,
937 2495 1031 2574 1888,
1055 2496 1121 2564 477
1132 2497 1222 2582 sqq.)
1261 2493 1334 2563 Hac
1359 2493 1558 2581 quaestione

368 2599 540 2674 Ciceronis
564 2600 735 2670 Hortensii
757 2601 943 2670 Aristotelis
966 2601 1187 2690 προτρεπτικός
1208 2602 1287 2670 lons
1311 2601 1474 2670 statuitur.

279 2703 315 2774 P.
339 2705 536 2776 Hartlich:
571 2707 666 2780 Stud.
690 2709 780 2794 Lips.
808 2708 902 2790 1888,
930 2709 983 2790 Xl,
1010 2708 1077 2777 800
1101 2708 1318 2779 Hortensium
1343 2727 1384 2776 err
1408 2709 1556 2794 protrep-

371 2814 445 2883 ticis
468 2815 656 2884 Aristotelis
678 2818 712 2883 et
734 2814 910 2884 Posidonii
933 2820 1084 2888 exortum
1109 2834 1183 2884 esse
1206 2815 1403 2902 suspicatur.

281 2916 487 3011 Plasberg:
512 2925 545 3006 a)
573 2921 643 3001 ,De
671 2922 720 2990 M.
741 2921 828 2991 Tulli
857 2921 1030 2991 Ciceronis
1058 2921 1240 2991 Hortensio
1268 2921 1448 3011 dialogo“,
1466 2919 1558 2988 Diss.

568 3028 797 3098 Berolinensis
823 3029 919 3097 1892.

507 3135 544 3221 b)
568 3134 681 3204 Editio
716 3134 889 3205 Ciceronis
923 3134 1200 3203 Academicomm
1236 3135 1461 3220 (aliommque
1496 3149 1558 3208 scr,

569 3242 708 3328 philos.)
753 3242 886 3330 Lipsiae
913 3242 1008 3324 1908,
1035 3242 1130 3310 1911.

370 3347 445 3430 Hic,
474 3347 631 3436 quodid
659 3349 715 3418 illa
747 3344 992 3430 dissertatione,
1028 3345 1095 3436 qua
1132 3347 1351 3418 Hortensium
1386 3346 1560 3415 restituere

368 3455 535 3537 studebat,
559 3455 662 3525 libros
685 3454 866 3542 Augustini
894 3457 1070 3543 praeteriit,
1097 3456 1303 3541 vituperatus
1331 3456 1382 3522 est
1409 3454 1452 3522 ab
1475 3452 1559 3522 Ohl-.

369 3581 496 3632 manno
513 3581 591 3650 pag.
608 3565 629 3633 7
647 3566 679 3631 et
694 3563 760 3630 iam
784 3566 883 3631 antea
907 3564 949 3632 ab
973 3562 1152 3633 Usenero
1174 3560 1389 3647 (,Gottinger
1403 3558 1560 3632 Gelehrte

355 3668 578 3758 Anzeigeu‘z
605 3670 701 3752 1892,
725 3670 747 3752 l,
771 3670 974 3758 817-389).

284 3775 322 3851 R.
350 3775 500 3845 Hirzel:
539 3777 864 3865 ,Untersucbungen
897 3795 940 3846 zu
974 3775 1111 3845 Ciceros
1138 3775 1269 3863 philos.
1295 3774 1484 3844 Schritterr“
1512 3773 1560 3856 111,

371 3883 505 3970 Lipsiae
531 3883 626 3953 1888.

371 4011 372 4016 ¹
460 3989 524 4059 Hic
544 3991 595 4058 vir
618 3991 844 4072 doctissimus,
872 4009 949 4059 cum
973 3989 1187 4060 delentibus
1215 3986 1390 4057 Ciceronis
1413 3990 1501 4074 agat,
1527 3991 1562 4056 wet

372 4096 589 4167 Hortensium
617 4098 691 4167 eius
718 4117 796 4187 pag.
820 4097 886 4165 347
915 4103 948 4166 et
974 4096 1155 4184 Augustini
1180 4098 1294 4164 contra
1326 4093 1429 4163 Acad.
1458 4094 1561 4164 libros

302 4261 305 4268 .
371 4205 602 4290 compluribus
618 4205 703 4274 locis
720 4208 892 4273 monstrat.
931 4203 1039 4272 Simili
1056 4201 1161 4272 modo
1182 4201 1224 4271 ad
1245 4199 1418 4270 Ciceronis
1433 4199 1560 4269 Acade-

371 4311 459 4379 mica
481 4311 661 4398 Augustini
685 4297 850 4398 quasdam
875 4311 1058 4379 sententias
1081 4308 1190 4376 relert:

283 4437 420 4506 Leder:
459 4434 783 4523 ,Untersucbungen
819 4437 902 4503 iiber
937 4433 1124 4520 Augustius
1164 4431 1494 4503 Erkenntnistheorie
1526 4430 1561 4496 in

372 4544 466 4612 iluen
501 4543 741 4629 Beziebungen
776 4561 835 4610 zur
861 4542 996 4610 antiken
1026 4540 1176 4634 Skepsis,
1211 4539 1253 4608 zu
1281 4538 1393 4607 Plotin
1421 4538 1491 4606 und
1519 4555 1560 4604 zu

372 4650 578 4736 Descartes,“
605 4650 696 4718 Diss.
720 4649 890 4736 Marburg.
928 4648 1024 4716 1901.
1435 4721 1437 4725 ,

460 4755 538 4826 Νοιι
562 4757 713 4844 graviora
739 4755 782 4824 ad
805 4760 953 4825 nostram
978 4755 1212 4842 quaestionem
1237 4753 1392 4821 atterunt:
