3544 5320
887 401 1065 460 ..54..

335 603 502 688 permittit,
532 606 639 671 totum
664 605 760 692 patri·
789 607 822 673 et
843 606 1006 692 gravitate
1030 607 1154 675 directo
1172 607 1266 675 deor·
1340 627 1419 676 non
1452 609 1569 677 modo

335 711 488 777 monium
509 711 686 796 dissipavit
702 763 710 778 .
727 760 760 779 ..
789 729 864 779 sum
898 714 1029 794 teratur,
1065 697 1267 782 declinare
1295 732 1428 782 verum
1454 733 1530 783 esse
1554 716 1617 783 sed

388 869 395 884 .
412 818 492 884 ltem
509 818 580 886 scio
596 819 760 886 mundum
789 819 961 905 paululum
980 870 988 887 .
1006 870 1013 887 .
1031 871 1039 888 .
1064 821 1133 904 (70)
1163 821 1266 888 Idem
1296 821 1395 888 etiam
1435 841 1616 890 necessa·

336 925 435 991 istum
453 929 603 992 nostrum
618 929 675 993 aut
698 945 760 994 na·
788 925 1266 995 iacitcontradialecticos:
1296 928 1409 1010 rium,
1439 980 1447 996 .
1472 980 1480 996 .
1506 980 1513 996 .
1538 948 1619 997 cum

334 1035 420 1099 tura
435 1049 612 1116 corporum
629 1036 685 1100 aut
701 1033 759 1100 ali·
788 1033 945 1118 aquibus
962 1051 1037 1100 cum
1054 1035 1210 1102 traditum
1227 1035 1268 1102 sit
1296 1035 1360 1102 hoc
1403 1035 1503 1121 igitur
1545 1035 1613 1103 dia·

336 1156 403 1223 qua
430 1139 684 1224 providentia
712 1141 761 1211 sic
789 1141 822 1207 in
847 1141 1007 1209 omnibus
1034 1141 1266 1211 disiunctio·
1295 1141 1402 1210 lectici
1452 1145 1620 1229 pugnent..

335 1263 410 1314 esse
449 1245 683 1332 dispositum.
712 1298 720 1315 .
750 1299 758 1314 .
788 1248 1267 1334 uibus,inquibus„auteti·
1296 1248 1330 1315 id
1356 1253 1408 1317 est
1430 1247 1621 1316 Antiochus

334 1351 419 1420 Vera
455 1354 545 1421 enim
584 1353 648 1422 ista
683 1357 761 1422 sunt
788 1373 846 1422 am
870 1359 937 1422 aut
959 1362 1056 1422 n0n“
1079 1358 1266 1441 poneretur,
1295 1355 1458 1437 etStoici;
1476 1374 1613 1423 ...nam

336 1460 612 1528 disiuncta...
636 1479 760 1546 nempe
788 1461 978 1530 alterutrum
1017 1479 1092 1529 esse
1139 1479 1266 1543 verum,
1295 1463 1323 1529 si
1356 1480 1375 1530 e
1402 1462 1619 1530 contrariis

332 1569 402 1634 iam
434 1572 545 1653 potest
573 1571 630 1635 aut
659 1568 759 1636 ialsa
788 1568 1266 1654 pertimuitne,sic0ncessum
1295 1569 1618 1639 disiunctio...

336 1677 393 1741 aut
407 1692 497 1741 vera
518 1675 683 1742 nominari
700 1678 759 1758 (sc.
788 1677 876 1742 esset
905 1674 1098 1743 huiusmodi
1129 1675 1266 1760 aliquid,
1294 1675 1617 1762 ialsapotestesse.

336 1780 592 1868 sententia)...
610 1781 663 1849 dic
680 1781 760 1850 istas
788 1784 854 1848 aut
869 1781 976 1848 vivet
998 1799 1083 1849 cras
1098 1785 1164 1850 aut
1187 1799 1266 1849 non
1295 1783 1386 1850 nulla
1408 1801 1498 1850 vera
1522 1784 1581 1849 est.

336 1888 658 1958 disiunctiones.
683 1936 692 1955 .
716 1939 726 1956 .
752 1885 1268 1974 .(vivet...‚alterutmmlieret

335 1994 437 2062 falsas
461 2013 546 2063 esse.
789 1995 1268 2063 necessariumztotumhoc
1364 2009 1366 2014 ’

331 2103 334 2109 “
789 2101 1267 2188 autetiamautnonnega·

787 2201 838 2276 vit
862 2226 935 2278 esse
962 2209 1244 2276 necessarium.

424 2317 526 2385 Porro
565 2317 810 2385 animadvertas
850 2316 884 2383 in
926 2316 1046 2383 eodem
1081 2316 1321 2383 sententiarum
1359 2333 1488 2384 conexu
1521 2313 1615 2400 apud

331 2427 512 2509 utmmque
536 2427 704 2491 auctorem
727 2422 909 2491 Carneadis
933 2423 1139 2491 mentionem
1163 2422 1250 2490 lieri:

421 2597 422 2601 ,
528 2549 556 2598 c.
580 2530 686 2599 Aci.
710 2549 755 2598 a.:
1214 2528 1403 2597 nelos:

456 2688 464 2704 .
496 2641 553 2705 aut
594 2637 681 2705 liniti
719 2637 848 2704 numeri
891 2639 948 2703 aut
1047 2634 1133 2703 Cum
1157 2636 1283 2722 aliquid
1314 2636 1534 2705 huiusmodi
1563 2636 1612 2702 in·

335 2745 465 2811 infiniti.
511 2742 612 2812 Istam
637 2744 835 2812 sententiam
860 2742 946 2810 Car·
1001 2743 1124 2811 ciderat
1154 2746 1211 2825 (sc.
1246 2743 1533 2830 distractionum),
1566 2743 1616 2809 sic

335 2851 484 2920 neades
506 2851 609 2919 ialsae
626 2868 701 2919 esse
718 2850 861 2917 similem
887 2849 946 2916 do·
1002 2850 1115 2916 ludere
1145 2849 1373 2918 Carneades
1405 2851 1549 2918 solebat:
1584 2848 1615 2916 si.

336 2961 431 3026 ceat.
450 3008 457 3025 .
476 3009 499 3048 ,Ι
1001 2959 1087 3024 recte
1111 2957 1311 3024 conclusi..
1329 3009 1337 3024 .

423 3065 561 3133 Talibus
584 3068 695 3132 autem
720 3063 995 3131 similitudinibus
1018 3064 1208 3131 constitutis
1231 3082 1300 3132 non
1325 3066 1435 3150 potest
1459 3063 1617 3142 dubitari,¹

335 3173 516 3262 quincum
540 3174 648 3239 cetera
672 3173 867 3256 argumenta
890 3169 1071 3255 Augustini
1096 3190 1114 3237 a
1138 3169 1300 3239 Cicerone
1324 3170 1524 3256 deprompta
1547 3170 1617 3236 sint

334 3280 405 3345 tum
430 3278 522 3358 illud,
546 3277 638 3364 quod
663 3276 705 3345 de
728 3277 943 3344 contentione
967 3276 1101 3363 Epicuri
1125 3280 1157 3344 et
1179 3276 1363 3345 Democriti
1390 3277 1525 3344 allatum
1551 3279 1610 3343 est.

334 3384 544 3465 Academica,
574 3403 649 3452 cum
673 3384 756 3451 nihil
781 3383 974 3451 huiusmodi
999 3383 1064 3451 iam
1089 3385 1281 3469 praebeant,
1309 3385 1373 3452 nisi
1402 3401 1488 3470 quae
1513 3381 1543 3450 ΙΙ
1569 3382 1619 3450 55·

336 3491 532 3559 adumbrata
558 3494 694 3561 tantum
730 3494 808 3559 sunt
836 3490 867 3578 (n
895 3542 902 3557 .
927 3541 936 3558 .
961 3541 1002 3557 ..
1037 3491 1087 3558 ais
1119 3490 1384 3558 Democritum
1423 3491 1530 3559 dicere
1559 3490 1618 3557 in·-

336 3598 605 3666 numerabiles
630 3616 703 3665 esse
729 3597 971 3666 mundos...
1007 3595 1074 3664 Cur
1095 3597 1195 3677 enim,
1219 3597 1363 3684 inquies,
1387 3615 1462 3665 cum
1484 3615 1525 3664 ex
1548 3597 1618 3665 illis-

335 3705 571 3785 individuis,
589 3704 678 3771 unde
695 3705 808 3772 omnia
824 3703 1037 3773 Democritus
1052 3704 1148 3790 gigni
1165 3703 1317 3771 adfirmat
1334 3753 1341 3772 .
1359 3755 1367 3771 .
1384 3703 1441 3790 J),
1456 3705 1512 3772 vix
1533 3704 1619 3792 lons

335 3831 411 3880 esse
435 3815 586 3902 possunt.
632 3809 748 3898 Itaque
772 3814 879 3891 restat,
909 3813 943 3877 ut
966 3809 1177 3896 Augustinus
1205 3814 1237 3880 et
1266 3810 1404 3878 Lucullo
1432 3810 1553 3878 tradito
1581 3813 1621 3878 et

336 3919 456 3990 Catulo
480 3919 606 3988 amisso
629 3920 682 3986 vel
706 3919 826 3986 eodem
855 3918 939 3986 libro
964 3918 1121 3986 editionis
1150 3905 1344 4004 posterioris
1366 3920 1423 3986 aut
1451 3917 1551 3984 huius
1574 3936 1617 3984 ea

336 4030 427 4114 parte
451 4045 532 4093 usus
556 4025 608 4106 sit,
627 4044 719 4111 quae
746 4024 972 4110 respondebat
995 4024 1056 4092 Ac.
1070 4044 1117 4111 pr.
1133 4023 1163 4091 Il
1186 4024 1240 4092 55.
1278 4023 1321 4091 nt
1342 4023 1425 4090 illud
1447 4023 1519 4090 iteri
1543 4041 1617 4092 non

335 4135 455 4221 potuit,
479 4152 554 4201 cum
590 4133 624 4199 in
652 4133 742 4199 illam
767 4132 1054 4199 continuationem
1088 4133 1277 4217 seriemque
1306 4148 1414 4198 rerum
1439 4128 1620 4198 Ciceronis·

335 4242 422 4309 duos
446 4241 617 4326 dispersos
641 4240 734 4307 locos
758 4239 909 4306 redactos
933 4256 1008 4306 esse
1032 4257 1102 4306 non
1130 4238 1226 4306 lacile
1250 4235 1442 4324 opineris1).

423 4345 489 4414 Ista
506 4350 617 4414 autem
635 4347 806 4413 conclusio
823 4346 961 4426 tortasse
978 4345 1183 4430 probabilior
1198 4345 1256 4412 liat
1272 4348 1293 4428 ς
1308 4345 1350 4412 97
1362 4343 1420 4412 Ac.
1433 4340 1463 4410 Π
1477 4341 1620 4430 suprail

424 4507 448 4576 1)
466 4506 546 4573 Quae
556 4509 579 4561 si
593 4506 665 4561 recte
675 4506 790 4560 iudicata
800 4507 863 4570 sint,
873 4518 975 4559 novum
986 4504 1176 4576 argumentum
1186 4506 1337 4568 teneamus,
1348 4519 1403 4574 quo
1413 4503 1622 4558 demonstretur*

334 4597 519 4670 Augustinum
543 4611 598 4651 non
621 4598 709 4666 priore
729 4593 779 4650 sed
801 4595 952 4663 posteriore
976 4594 1096 4648 editione
1116 4607 1196 4648 usum
1215 4608 1286 4658 esse,
1310 4607 1377 4647 sane
1396 4595 1456 4647 etus
1479 4607 1534 4647 non
1557 4593 1612 4646 tarn

334 4687 456 4743 Tulliana
475 4700 556 4755 quam
573 4687 666 4757 potius
678 4683 842 4738 varroniana
859 4685 989 4748 oratione,
1006 4698 1068 4737 cum
1087 4685 1219 4752 imprimis
1236 4682 1436 4751 respiciendum
1450 4682 1486 4736 sit
1498 4675 1620 4736 Tullium

332 4778 541 4852 responsionem
554 4775 614 4831 libri
627 4775 655 4831 ll.
668 4788 756 4844 paene
764 4774 875 4828 omnino
885 4787 940 4827 non
950 4774 1078 4836 mutasse,
1097 4773 1126 4826 ut
1138 4770 1289 4844 fragmenta
1306 4771 1415 4826 docent.
1443 4770 1475 4826 ci.
1490 4786 1554 4842 pag.
1569 4769 1616 4825 28.

423 4867 447 4938 ¹)
466 4881 528 4938 pag.
546 4865 589 4922 53.
