3544 5320
734 391 912 450 ..77-

185 594 236 662 his
280 596 364 681 ipsis
398 595 561 664 artissime
600 597 763 666 cohaeret.
816 596 913 679 Quae
948 616 968 664 a
1003 615 1152 681 quonam
1186 597 1221 664 in
1255 597 1469 666 Academicis

185 702 347 787 explicata
370 703 447 783 sint,
471 702 528 769 Ac.
552 703 576 770 ll
600 703 644 770 60
668 704 737 771 his:
764 702 870 782 ,Volo
895 704 994 790 igitur
1009 705 1121 772 videre
1146 704 1226 790 quid
1244 705 1459 772 invenerint.“

189 809 285 886 ,Non
309 810 489 892 solemus,“
523 810 641 896 inquit,
684 809 899 888 ,ostendere“
927 861 934 877 .
962 861 1002 878 ..
1036 829 1113 890 ,cur
1140 811 1352 878 celatis...
1387 829 1466 877 sen-

184 915 321 983 tentiam
347 919 529 984 vestram?“
557 917 714 1002 spectatis
730 917 812 984 mihi
829 916 966 1003 quidem
983 936 1053 984 non
1070 917 1209 984 dubium
1226 916 1356 984 videtur
1376 935 1462 986 esse.

185 1021 343 1090 Lucullus
366 1041 457 1109 ergo,
481 1027 516 1091 ut
539 1022 597 1092 Ac.
619 1020 649 1089 Il
672 1023 730 1091 32:
758 1023 895 1101 ,volunt
922 1024 1011 1091 enim
1036 1061 1079 1074 -
1103 1027 1135 1091 et
1162 1024 1227 1092 boc
1249 1024 1386 1109 quidem
1412 1025 1467 1091 vel

185 1129 329 1196 maxime
353 1148 416 1197 vos
440 1130 807 1205 animadvertebam
832 1131 984 1198 moveri.
1006 1138 1040 1195 .“
1060 1134 1092 1198 et
1119 1128 1180 1197 Ac.
1202 1127 1231 1196 Π
1255 1130 1296 1196 42
1321 1131 1466 1215 aliisque

184 1235 277 1320 locis,
295 1236 342 1302 sic
358 1237 412 1304 hic
428 1254 565 1324 quoque
581 1241 685 1304 certas
701 1235 864 1322 quasdam
882 1237 1012 1323 patroni
1027 1236 1302 1305 Academicorum
1319 1238 1467 1323 explica.-
1503 1274 1506 1279 ·

184 1341 294 1409 tiones
311 1343 345 1408 in
361 1343 474 1410 animo
485 1345 594 1411 habet.
634 1342 766 1410 Deinde
782 1344 957 1428 quomodo
972 1343 1165 1424 Vanonem,
1181 1343 1336 1411 Antiochi
1353 1348 1469 1430 partes¹

188 1449 221 1515 in
234 1448 337 1516 Acad.
355 1452 442 1535 post.
460 1452 611 1517 secutum
622 1447 658 1536 1),
672 1449 714 1516 ad
727 1450 850 1516 calcem
864 1450 937 1518 libri
950 1450 997 1517 111.
1012 1450 1198 1518 declarasse
1211 1454 1367 1536 putemus
1378 1451 1468 1517 Aca-

187 1556 348 1634 demicos,
374 1574 460 1643 quos
485 1557 579 1641 ipsos
603 1556 705 1642 paulo
733 1559 810 1624 ante
833 1557 956 1637 revicit,
978 1557 1216 1625 tantummodo
1240 1557 1466 1643 impugnandi

186 1679 286 1730 causa
311 1663 443 1730 Stoicos
474 1663 556 1730 nihil
585 1665 627 1730 ab
652 1663 848 1731 hominibus
872 1664 998 1749 percipi
1022 1663 1222 1751 docuisse2),
1257 1682 1332 1730 cum
1361 1663 1467 1750 longe·

186 1768 279 1836 aliter
302 1766 484 1836 sentirent?
530 1769 576 1836 lta
600 1770 628 1837 si
653 1769 786 1855 egisset,
811 1769 972 1836 rationem
990 1769 1192 1838 Academiae
1216 1789 1326 1838 novae
1350 1770 1469 1838 delen-

188 1875 292 1942 disset
316 1893 480 1959 suamque
504 1875 828 1961 argumentationem
854 1877 1051 1944 sustulisset.
1096 1876 1130 1943 ld
1155 1877 1243 1943 enim
1268 1877 1298 1944 ei
1322 1877 1469 1945 demon-

186 1981 357 2048 strandum
376 1986 453 2063 erat,
471 1983 562 2069 quod
579 1982 767 2050 Antiochus
792 1980 1077 2069 demonstravitsst,
1095 1984 1314 2050 recentiorum
1332 1982 1465 2050 decreta

185 2089 337 2156 recedere
377 2090 418 2156 ab
463 2090 689 2176 antiquorum,
730 2108 843 2174 neque
878 2108 957 2170 vero
997 2090 1089 2169 illud,
1125 2089 1225 2175 quod
1252 2089 1463 2175 Augustinus

186 2196 307 2280 pressit
329 2214 357 2265 c.
373 2196 431 2263 Ac.
447 2192 492 2262 III
515 2196 558 2263 37
572 2214 658 2280 sqq,
683 2196 759 2263 illos
776 2195 924 2264 Platonis
948 2196 1108 2282 dogmata
1132 2197 1277 2263 restricte
1290 2215 1462 2264 servasse.

186 2299 295 2368 Immo
320 2320 362 2369 ex
382 2300 479 2369 Ac.I
506 2303 544 2369 13
568 2303 837 2371 concludendum
867 2303 966 2370 nobis
997 2309 1048 2370 est
1075 2303 1139 2369 hoc
1162 2321 1181 2370 a
1204 2301 1367 2371 Cicerone
1390 2321 1469 2370 sus—

187 2411 320 2494 ceptum
356 2427 441 2486 esse,
472 2427 572 2495 quem
600 2408 704 2476 Varro
729 2407 763 2474 in
786 2407 845 2476 Ac.
876 2407 989 2493 1434)
1018 2409 1219 2490 adhortatur,
1255 2412 1291 2475 ut
1326 2427 1467 2477 causam

186 2534 267 2583 suae
297 2515 494 2583 delectionis
518 2516 561 2582 ab
584 2517 798 2601 antiquorum
823 2517 951 2584 ratione
975 2516 1125 2601 explicet.
1173 2514 1345 2584 Ciceronis
1363 2517 1466 2603 igitur

186 2641 223 2690 se
247 2640 383 2708 prorsus
406 2641 476 2689 non
506 2622 666 2690 deiecisse
690 2625 733 2690 ab
756 2621 937 2690 Academia
960 2621 1109 2690 Platonis
1139 2623 1314 2691 evincendi
1339 2643 1469 2691 munus.

185 2728 256 2795 iuit.
304 2726 428 2796 Contra
457 2728 588 2797 Stoicos
620 2729 709 2796 enim
740 2731 834 2796 solos
864 2747 1000 2796 omnem
1029 2730 1133 2797 rixam
1156 2733 1306 2799 exortam
1331 2748 1405 2798 esse
1429 2731 1463 2797 in

186 2834 242 2902 Ac.
266 2832 357 2910 144,
387 2834 604 2904 Academiam
638 2854 717 2904 vero
753 2855 771 2903 a
806 2854 842 2904 se
877 2837 1052 2922 probatam
1088 2836 1152 2903 sibi
1186 2841 1329 2904 veterem
1359 2837 1468 2904 videri

187 2941 220 3008 in
243 2939 258 3006 l
281 2941 324 3007 46
348 2941 499 3009 aitirmat.
540 2940 625 3009 Cum
652 2944 714 3009 bac
739 2941 910 3010 Ciceronis
935 2943 1062 3028 ratione
1074 2943 1202 3028 optime
1218 2947 1407 3029 congruunt
1420 2945 1467 3010 ab
1501 2986 1503 2991 -

185 3048 376 3134 Augustino
402 3067 428 3114 c.
452 3047 509 3116 Ac.
533 3046 578 3115 lli
601 3049 644 3117 37
668 3067 742 3134 sqq.
768 3048 928 3130 adbibita,
952 3050 1076 3135 quibus
1099 3067 1169 3116 non
1193 3053 1261 3117 tam
1286 3049 1464 3117 aPlatone

186 3173 286 3239 quam
311 3175 330 3222 a
354 3155 490 3222 Zenone
514 3155 717 3223 recentiores
737 3155 939 3238 dissensisse
962 3156 1157 3236 declaretur,
1174 3174 1251 3223 cum
1276 3157 1340 3236 hic,
1365 3151 1461 3242 p'ost·

188 3281 288 3346 quam
314 3262 369 3328 ille
393 3261 562 3329 docuisset
585 3262 672 3329 duos
697 3280 772 3329 esse
796 3262 953 3342 mundos,
978 3281 1081 3329 unum
1106 3281 1295 3350 corporum,
1319 3264 1460 3330 alterum

187 3369 334 3448 rationis,
350 3371 403 3437 vel
427 3370 599 3456 opinionis
615 3373 647 3436 et
662 3370 818 3450 veritatis,
837 3370 1028 3454 negavisset
1044 3370 1228 3454 quidquam
1246 3388 1319 3438 esse
1335 3375 1469 3456 praeter

188 3493 326 3560 corpora
356 3476 502 3560 ideoque
531 3493 668 3543 necesse
696 3479 785 3543 esset
812 3475 976 3543 Arcesilae
1006 3476 1204 3544 concludere
1228 3476 1311 3543 nihil
1338 3478 1466 3563 percipi

188 3600 299 3668 posse.
338 3582 404 3650 Sed
440 3600 514 3649 cum
551 3582 650 3648 etiam
685 3581 938 3668 explanationes
971 3600 999 3649 c.
1026 3581 1083 3651 Ac.
1115 3579 1159 3648 III
1189 3582 1233 3649 40
1263 3581 1346 3650 tales
1376 3601 1469 3663 esse,

189 3689 297 3774 qualis
321 3687 491 3756 Ciceronis
527 3689 710 3756 sententiae
746 3687 897 3755 defensio
932 3688 1059 3770 fuisset,
1095 3689 1161 3755 iam
1190 3706 1290 3773 supra
1323 3708 1399 3775 pag.
1422 3689 1464 3756 74

188 3796 457 3881 cognoverimus,
492 3813 560 3862 non
596 3795 735 3862 dubium
772 3798 881 3880 potest
915 3813 1001 3877 esse,
1038 3795 1119 3879 quin
1155 3795 1208 3863 hic
1230 3795 1303 3881 ipse
1326 3796 1360 3862 in
1381 3795 1467 3862 Aca-

189 3901 326 3969 demicis
350 3919 399 3982 ea,
425 3920 511 3986 quae
535 3903 678 3988 legimus
702 3920 729 3967 c.
745 3901 802 3969 Ac.
824 3898 868 3967 HI
891 3902 934 3968 37
951 3920 1037 3986 sqq,
1061 3903 1113 3969 sui
1138 3901 1338 3968 defendendi
1363 3919 1463 3968 causa

188 4009 367 4094 protulerit.
415 4007 546 4090 Quodsi
570 4009 779 4094 Augustinus
803 4007 845 4076 de
869 4008 1097 4094 superioribus
1120 4007 1397 4093 explicationibus
1421 4007 1470 4074 ad.

276 4254 299 4324 1)
317 4255 352 4310 ad
370 4255 432 4311 iam.
446 4255 480 4310 IX
497 4256 523 4320 8,
545 4256 556 4310 l
578 4255 643 4311 dicit
662 4254 756 4310 Cicero
768 4255 894 4311 Varroni:
916 4257 989 4321 ,Tibi
1009 4257 1074 4311 dedt
1087 4257 1177 4326 partes
1190 4255 1377 4320 Antiochinas,
1397 4269 1471 4324 quas

185 4359 203 4400 a
221 4346 249 4401 te
267 4344 373 4414 probari
393 4345 559 4399 intellexisse
578 4344 645 4398 mihi
663 4344 789 4410 videbar;
809 4345 874 4399 mihi
894 4348 998 4415 sumpsi
1017 4344 1163 4400 Philonis'.

277 4435 289 4472 a

276 4433 299 4592 a}
316 4432 574 4586 gc.plagl·3?6,philo
588 4563 594 4576 .
609 4563 615 4576 .
633 4523 716 4598 negat
734 4525 762 4577 in
780 4522 917 4578 libris...
937 4523 1006 4577 duas
1024 4521 1186 4578 Academias
1209 4536 1271 4576 esse
1290 4535 1466 4589 erroremque

188 4625 291 4673 eorum,
311 4612 356 4680 qui
376 4611 412 4664 ita
424 4611 560 4680 putarunt.
573 4611 718 4682 coarguit·
737 4609 823 4677 ‚Est‘
839 4612 927 4681 inquit
938 4612 986 4678 (sc.
997 4611 1101 4680 vano),
1117 4612 1162 4674 ,ut
1174 4610 1258 4679 dicis;
1276 4611 1327 4665 sed
1340 4612 1469 4682 ignorare.

187 4703 215 4754 te
233 4714 288 4755 non
307 4700 428 4765 arbitror,
447 4714 518 4769 quae
536 4701 627 4755 contra
641 4701 790 4755 Antiochus
810 4700 971 4774 scripserit“.
992 4714 1013 4754 c.
1036 4698 1116 4756 Ac.ll
1131 4698 1176 4756 15:
1195 4698 1238 4770 (ct.
1250 4713 1312 4770 pag.
1326 4697 1381 4768 33).

277 4787 301 4860 ‘t
321 4788 354 4844 ct.
374 4802 436 4859 pag.
456 4788 498 4844 28.
