3544 5320
754 415 932 476 -61..

203 624 255 690 est
279 623 378 708 atque
402 621 436 688 in
460 619 517 687 Ac.
541 620 565 686 ll
593 618 664 703 811)
693 621 757 688 hoc
785 639 854 687 uno
883 619 1066 700 diiierente,
1099 618 1190 704 quod
1220 619 1286 686 illic
1314 638 1375 706 pro
1403 621 1486 687 turri

204 728 315 814 posita
338 731 388 795 est
411 727 498 794 villa.
544 726 630 794 Tum
654 728 866 795 conterantur
888 727 972 794 inter
995 745 1032 794 se
1056 727 1151 794 haec:

390 851 492 919 c.Ac.
516 852 553 919 lli
576 852 634 918 26:
1039 851 1095 919 Ac.
1120 848 1149 916 ΙΙ
1176 851 1230 932 19;
1254 851 1312 917 21:

249 959 327 1026 Non
363 959 451 1026 enim
490 959 601 1038 video,
641 957 815 1044 quomodo
916 957 985 1044 (19)
1017 957 1120 1040 Quod
1148 957 1236 1025 idem
1265 957 1303 1025 iit
1331 958 1365 1024 in
1392 958 1489 1026 voci--

207 1065 332 1133 refellat
365 1065 586 1133 Academicus
628 1083 716 1146 eum,
759 1065 816 1150 qui
871 1065 945 1144 bus
981 1065 1016 1131 in
1054 1064 1169 1145 odore,
1205 1065 1239 1131 in
1274 1083 1406 1150 sapore,
1447 1067 1490 1132 ut

206 1172 298 1240 dicit:
322 1174 387 1240 hoc
409 1172 491 1238 mihi
511 1171 693 1239 candidum
712 1171 816 1239 videri
872 1189 973 1238 nemo
997 1171 1040 1237 sit
1063 1174 1225 1251 nostrum,
1249 1171 1307 1256 qui
1323 1171 1357 1238 in
1375 1172 1487 1246 sensi,

206 1279 285 1356 scio,
322 1280 387 1346 hoc
421 1279 570 1345 auditum
610 1297 724 1345 meum
759 1277 815 1345 de·
872 1279 938 1346 bus
966 1278 1018 1344 sui
1047 1278 1211 1364 cuiusque
1240 1277 1373 1362 generis
1396 1278 1487 1346 iudi·

206 1385 315 1478 lectari
340 1386 424 1466 sci0;
456 1385 520 1452 hoc
555 1385 636 1451 mihi
672 1383 816 1452 iucunde
872 1385 960 1452 cium
996 1386 1140 1469 requirat
1175 1384 1307 1451 acrius.
1330 1435 1369 1452 ..
1411 1385 1485 1472 (21)

206 1495 295 1559 olere
336 1493 422 1572 sci0;
468 1492 534 1558 hoc
579 1491 661 1558 milri
699 1509 817 1577 sapere
871 1491 954 1558 illud
978 1493 1028 1558 est
1050 1491 1176 1571 album,
1206 1492 1272 1558 hoc
1294 1490 1400 1572 dulce,
1430 1510 1488 1559 ca·-

207 1599 345 1666 dulciler
368 1599 446 1666 scio.
872 1617 991 1666 norum
1027 1597 1118 1678 illud,
1154 1599 1219 1665 hoc
1252 1598 1340 1665 bene
1376 1599 1487 1666 olens.

295 1704 405 1790 Atque
428 1704 518 1771 haud
543 1705 614 1772 scio
639 1723 682 1771 an
706 1704 750 1785 id,
776 1705 869 1790 quod
893 1705 935 1772 de
959 1705 1135 1772 hominum
1159 1707 1261 1790 gustu
1285 1707 1336 1771 est
1359 1705 1489 1772 dictum

210 1811 317 1879 c.Ac.
343 1811 459 1878 11126:
499 1811 581 1890 ,Dic
615 1811 739 1897 potius,
775 1814 883 1878 utrum
918 1829 987 1898 per
1017 1829 1058 1878 se
1089 1829 1222 1878 amarae
1252 1809 1318 1878 sint
1349 1812 1490 1879 oleastri

206 1993 336 2054 δοκοῦντας
353 1995 425 2042 τοῦτο
443 1992 513 2042 κατὰ
531 1987 771 2061 ἀναπαρεξαγωγὴν
787 1990 835 2062 τὴν
852 1989 887 2054 ὡς
903 1989 966 2055 πρὸς
982 1989 1039 2052 τοὺς
1055 1989 1173 2052 στωινοὺς
1189 1991 1317 2040 ἀπέδοσαν
1334 2026 1340 2039 .
1355 2026 1382 2040 ..
1407 1987 1484 2058 1152)

206 2077 390 2150 καταληπτικὴ
413 2079 440 2130 δὲ
462 2082 585 2148 φαντασία
607 2080 676 2130 κατὰ
699 2077 798 2139 τούτους
815 2077 950 2150 ἐτύγχανὲν
967 2077 988 2150 ἡ
1005 2077 1116 2149 ἀληθὴς
1133 2081 1180 2129 καί
1196 2068 1310 2150 τοιαύτη,
1328 2076 1370 2130 οἵα
1387 2075 1436 2131 οὐκ
1453 2078 1492 2130 ἂν·

206 2171 300 2239 γένοιτο
319 2165 422 2238 ψευδὴς.
450 2165 528 2232 1153)
551 2173 648 2219 ταῦτα
666 2165 704 2239 δὴ
722 2167 878 2239 λεγόντων
900 2173 959 2219 τῶν
977 2167 1038 2218 ἀπὸ
1056 2173 1113 2238 τῆς
1130 2173 1225 2230 στοᾶς
1243 2165 1256 2218 ὁ
1276 2165 1492 2234 Ἀρκεσίλαος·

206 2257 455 2311 ἀντικαθίστατο
469 2255 626 2319 δεικνύς...
637 2254 735 2324 (154)..
749 2254 786 2308 du
801 2253 906 2326 οἰιδομὶα
917 2255 1022 2326 τοιαύτη
1034 2253 1144 2327 ἀληθὴς
1156 2253 1281 2324 φαντασία
1293 2253 1484 2323 εὑρίσκεται,

207 2343 314 2400 alueis
331 2345 470 2417 dapisoun
488 2343 841 2416 1ωοὴς.(11.1.111.11141
868 2344 965 2412 Quod
984 2359 1054 2402 cum
1073 2344 1217 2400 Zeno
1235 2346 1412 2401 intulisset
1433 2349 1485 2424 eto

208 2435 247 2505 [ut
264 2451 326 2508 pag.
345 2435 389 2504 79)
409 2473 416 2486 .
437 2477 444 2492 .
463 2437 563 2505 atque
585 2434 617 2488 id
640 2434 812 2490 Arcesilas
835 2434 980 2497 audiret,
1009 2434 1119 2504 negavit
1147 2433 1305 2489 huiusmodi
1333 2435 1483 2505 quidquam

206 2539 289 2594 posse
306 2525 341 2579 ab
360 2525 471 2580 homine
493 2526 632 2594 reperiri
656 2524 718 2590 111.)
750 2527 847 2576 πάντων
871 2521 905 2595 δὴ
928 2519 1007 2575 ὄντων
1029 2520 1220 2594 ἀκαταλήπτων
1242 2521 1418 2596 ἀκολουθήσει
1439 2530 1493 2578 καὶ.

206 2615 274 2666 κατὰ
299 2607 358 2676 τοὺς
385 2614 506 2677 στωικοὺς
533 2613 631 2684 ἐπέχειν
657 2617 699 2666 τὸν
720 2612 857 2684 σοφόν...
899 2612 957 2668 Pari
980 2612 1060 2684 igitur
1083 2613 1187 2666 ratione
1209 2612 1291 2682 atque
1313 2612 1486 2684 Augustinus

207 2717 228 2756 c.
252 2702 340 2756 Α1.11
367 2702 401 2756 14
430 2703 457 2756 11
481 2700 578 2756 Cicero
601 2700 678 2756 Α1,1
702 2702 737 2758 45
773 2701 872 2757 Sextus
902 2715 1012 2770 quoque
1039 2701 1187 2769 proclamat
1213 2716 1263 2771 per
1289 2700 1394 2758 Stoicos
1422 2719 1485 2758 esse

206 2791 355 2846 Arcesilam
375 2791 524 2856 inductum,
549 2791 579 2845 ut
596 2790 663 2844 nihil
680 2793 782 2860 percipi
801 2805 888 2860 possea
903 2789 1086 2845 concluderet.
1118 2789 1252 2860 imprimis
1270 2788 1485 2848 animadverten-

207 2879 272 2934 dum
297 2883 340 2935 est
362 2895 410 2949 pro
429 2880 503 2936 Sexti
526 2895 596 2935 voce
618 2877 743 2950 δοξαστῆς
761 2879 922 2935 Ciceronem
945 2879 1075 2948 praebere
1096 2881 1260 2949 ,opinator“.
1292 2879 1370 2935 Tales
1393 2883 1485 2939 aulem

208 2969 397 3024 similitudines
416 2984 505 3024 rerum
522 2970 724 3038 verborumque
743 2983 777 3023 eo
797 2969 973 3038 explicantur,
998 2968 1073 3038 quod
1097 2970 1125 3023 et
1148 2967 1260 3023 Sextum
1280 2970 1307 3024 et
1325 2970 1486 3047 Ciceronem

206 3059 360 3124 abeodem
383 3057 458 3112 ionte
477 3057 598 3127 pendere
623 3060 793 3127 suspicamur
810 3056 854 3126 (ci.
874 3057 969 3128 Hoyer
993 3057 1061 3122 ,Die
1079 3057 1261 3120 Heilslehre“,
1280 3059 1400 3130 pag.78,
1416 3060 1485 3130 182).

207 3147 366 3202 Ciceronem
402 3147 512 3216 quidem
548 3149 622 3203 certo
655 3149 757 3201 scimus
789 3149 816 3200 in
844 3145 1015 3202 Academicis
1045 3147 1168 3202 secutum
1202 3146 1321 3202 Graecos
1351 3149 1487 3215 auctores,

206 3235 370 3291 Antiochum
384 3237 410 3290 et
422 3235 572 3301 Philonem,
585 3238 613 3291 ln
626 3235 746 3306 linguam
758 3235 878 3291 Latinam
892 3235 1055 3305 quibusdam
1069 3236 1165 3290 saltem
1178 3237 1206 3290 ln
1218 3236 1341 3304 partibus
1353 3236 1388 3291 ad
1400 3239 1486 3292 verba

206 3324 383 3380 transtulisse.
420 3324 553 3379 Nimirum
572 3324 707 3379 Hirzelius
727 3323 850 3394 (Quaest.
869 3324 902 3380 111
923 3324 982 3389 167,
1008 3323 1066 3389 197,
1091 3324 1222 3395 292sqq.)
1246 3327 1274 3380 et
1296 3325 1436 3386 Krischius
1458 3329 1489 3383 et

206 3413 393 3468 Schmekelius
420 3413 585 3484 (,Festgabe
616 3413 658 3468 lilr
683 3413 768 3468 Franz
791 3413 954 3478 Susemihl¹,
986 3414 1092 3484 Lipsiae
1120 3413 1196 3479 1898,
1224 3429 1286 3486 pag.
1311 3415 1346 3470 37
1359 3416 1432 3485 sqq.)
1457 3419 1485 3470 ln

206 3503 394 3572 perquirendis
418 3501 556 3557 Ciceronis
579 3503 751 3558 Academicis
775 3502 909 3572 quosdam
936 3503 1011 3558 locos
1039 3501 1114 3558 Sexti
1142 3518 1203 3558 cum
1231 3504 1275 3559 his
1302 3507 1486 3576 congruentes

207 3590 414 3646 adnotaverunt.

295 3679 364 3734 illud
383 3679 542 3734 concludam
561 3681 641 3734 eiiam
662 3695 697 3735 ex
714 3680 765 3734 hac
783 3681 996 3748 comparatione:

437 3769 484 3824 Ac.
503 3768 524 3823 11
546 3769 593 3824 19:
1039 3799 1043 3818 ι
1139 3769 1226 3824 Sext:

260 3858 504 3927 ltaque...situs
523 3872 615 3912 earum
634 3873 732 3923 rerum,
752 3872 819 3927 quas
926 3855 964 3910 dcc
993 3860 1025 3910 tu
1060 3865 1158 3925 μακροῦ
1190 3859 1235 3930 μὲν
1269 3858 1488 3930 διαστήματος

207 3948 351 4014 intuemur,
378 3949 405 4002 et
433 3947 613 4002 intervalla
642 3948 689 4002 aut
716 3949 819 4002 contra·
875 3947 961 4013 μικρὸν
979 3946 1084 4018 ὁρᾷτὸν
1101 3947 1254 4019 πύργον...
1273 3950 1305 4000 ἐκ
1323 3945 1349 4000 δὲ
1366 3953 1409 4000 τοῦ
1426 3947 1485 4000 σύν·
1576 3958 1578 3961 ·

207 4035 297 4090 himus
316 4037 363 4090 aui
386 4036 549 4101 diducimus,
574 4037 639 4091 dum
657 4037 818 4106 aspectus..
873 4053 948 4107 eppuc
967 4035 1106 4102 μείζονα..

121 4147 122 4150 “
207 4123 291 4179 iidem
311 4124 391 4179 iaciat
410 4128 452 4180 sui
471 4125 570 4181 iudicii.

296 4213 359 4280 Quo
387 4216 453 4268 satis
480 4215 604 4284 reputato
628 4229 725 4284 eoque,
753 4213 866 4268 Sextum
890 4229 951 4268 cum
973 4214 1127 4286 Augustino
1154 4229 1268 4286 magnas
1291 4217 1490 4270 consensiones

207 4303 346 4371 praebere,
376 4304 427 4367 hic,
463 4317 525 4358 cum
556 4305 603 4358 vix
633 4305 707 4358 illum
740 4305 897 4372 respexerit,
932 4306 1063 4359 amissum
1094 4304 1317 4359 Academicorum
1348 4302 1486 4373 quendam

208 4391 297 4446 locum
320 4391 479 4447 adhibuisse
504 4392 569 4446 mihi
598 4393 714 4448 videtur.
751 4390 822 4447 Cum
849 4407 915 4450 vero
943 4394 1015 4448 certa
1042 4395 1159 4464 vestigia
1187 4392 1248 4448 talis
1276 4391 1489 4463 argumentandi·

208 4481 316 4535 rationis
339 4483 366 4534 in
396 4481 540 4549 „Lucullo‘
570 4481 755 4554 indagarimus
781 4481 917 4551 huiusque
940 4483 1079 4538 materiam
1099 4482 1150 4536 ista
1167 4482 1242 4552 parte
1261 4481 1321 4540 libri
1340 4495 1362 4536 c.
1381 4481 1431 4536 Ac.
1444 4480 1490 4536 111,

207 4569 310 4623 tractari
340 4569 421 4624 valde
449 4572 623 4640 perspicuum
654 4571 697 4635 sit,
729 4585 795 4624 num
826 4570 975 4640 quidquam
1003 4571 1178 4626 verisimilius
1206 4571 1249 4624 est
1279 4584 1360 4639 quam
1388 4569 1487 4624 editio-

208 4671 270 4712 nem
298 4658 477 4727 posteriorem
504 4660 640 4712 auctorem
666 4661 850 4728 exscripsisse,
879 4661 906 4713 in
930 4675 991 4729 qua,
1021 4674 1092 4730 quae
1119 4657 1217 4714 leviter
1241 4659 1305 4713 sunt
1332 4657 1490 4728 significata,

206 4746 254 4801 Ac.
269 4745 289 4800 ll
304 4747 337 4802 19
356 4748 383 4803 11
402 4747 445 4812 81,
463 4749 611 4801 accuratius
630 4749 736 4817 expleta
755 4747 848 4802 erant?
867 4749 942 4818 (pag.
956 4747 1057 4820 27sq.).

298 4836 320 4905 1)
339 4850 401 4907 pag.
420 4834 463 4891 59.
