3544 5320
739 329 919 389 ..71-

280 535 363 604 Ftne
400 535 487 606 iacto
524 533 745 603 Academicos
783 534 954 603 releilendi
992 535 1036 618 ξς
1074 534 1119 602 37
1146 551 1219 620 sqq.
1259 531 1470 620 Augustinus

191 644 414 722 demonstrat,
450 642 624 728 quomodo
657 642 711 709 isti
741 641 891 727 perducti
923 642 1004 720 sint,
1041 644 1077 707 ut
1104 640 1186 708 nihil
1217 657 1320 727 posse
1342 640 1469 726 percipi

192 750 433 836 profiterentur.
494 747 582 816 Cum
620 749 710 816 enirn
745 751 935 815 retractatur
969 766 997 816 c.
1021 745 1079 816 Ac.
1102 744 1198 813 1124
1233 745 1470 814 tantummodo

192 909 318 977 (Quaest
331 909 372 976 iil,
390 908 444 966 ³00
462 907 536 978 sqq.)
555 909 647 974 evicit,
669 909 819 963 sententias
837 908 922 963 modo
940 922 956 962 a
980 907 1091 963 Lucullo
1113 907 1227 962 revicias
1252 906 1415 963 Ciceronem
1443 909 1471 961 in

192 1000 370 1069 responsione
388 999 449 1054 libri
467 997 498 1054 ll.
511 996 639 1068 prolerre.
667 996 738 1053 Nam
750 996 787 1052 de
800 996 911 1052 Lucullo
923 997 1027 1052 tantum
1041 997 1093 1052 iroc
1106 996 1320 1052 demonstratum
1329 997 1472 1064 estneque

192 1089 335 1153 babemus,
363 1102 446 1159 quare
474 1087 592 1142 eandem
610 1088 639 1142 et
657 1089 685 1141 in
703 1085 803 1143 Catulo
821 1085 1017 1142 conscribendo
1036 1085 1109 1140 iliius
1136 1087 1268 1140 rationem
1295 1083 1382 1140 luisse
1406 1099 1472 1140 corr-

192 1178 341 1234 cludamus.
379 1175 480 1232 Contra
504 1175 571 1231 inira
593 1176 739 1231 ostendam
764 1177 884 1230 extrema
908 1175 1069 1243 quaestione
1093 1172 1234 1229 Ciceronis
1261 1175 1470 1243 responsionem

192 1269 219 1321 ln
237 1267 465 1322 Academicorum
493 1269 583 1335 priore
610 1267 696 1335 parte,
724 1279 794 1335 quae
822 1264 933 1336 quidem
961 1265 1065 1318 restitui
1093 1265 1189 1333 possit.
1215 1263 1299 1318 talem
1317 1262 1412 1329 tuisse,
1440 1265 1471 1317 ut

192 1355 362 1411 detendendi
380 1369 462 1410 causa
480 1369 552 1410 nova
570 1355 716 1424 quaedam,
740 1367 811 1423 quae
833 1359 915 1409 antea
937 1353 1061 1409 noudum
1081 1355 1158 1409 erant
1176 1354 1286 1419 revicta,
1304 1352 1471 1408 alienentur.

192 1443 250 1501 Sed
266 1448 321 1500 iam
338 1445 383 1499 iric
401 1445 576 1514 inspiciamus
593 1443 642 1499 Ac.
660 1443 680 1498 11
699 1443 746 1500 79:
769 1442 886 1507 ,idcireo
903 1443 961 1498 herl
985 1457 1050 1498 non
1067 1443 1264 1498 necessario
1282 1443 1357 1498 loco
1379 1446 1473 1498 contra

194 1548 294 1590 sensus
312 1535 368 1590 iam
387 1534 471 1589 multa
489 1533 637 1589 dixeram⁸.
683 1532 794 1594 Reidius
816 1533 856 1603 (ln
878 1533 1010 1588 editionis
1032 1531 1200 1602 praelatione
1217 1547 1281 1604 pag.
1298 1531 1348 1599 55)
1374 1545 1408 1586 ex
1426 1532 1471 1586 liis

193 1623 284 1678 verbis
302 1636 358 1678 non
376 1622 516 1692 probabile
533 1636 597 1677 esse
615 1620 776 1678 Ciceronem
795 1624 823 1676 ln
838 1620 966 1686 ,Catulo“
982 1622 1099 1694 singuiis
1110 1622 1192 1678 rebus
1204 1635 1295 1678 novae
1307 1621 1473 1676 Academiae

194 1713 302 1768 decreta
319 1711 496 1767 coniirmasse
507 1715 580 1766 recte
592 1710 659 1766 milri
677 1711 785 1767 videtur
796 1712 948 1784 collegisse.
975 1710 1103 1767 Fortasse
1121 1711 1211 1766 auteur
1224 1724 1261 1766 ne
1274 1709 1310 1764 de
1323 1709 1472 1765 adversarii

194 1801 307 1871 quidem
324 1802 407 1857 huius
433 1801 493 1856 libri
511 1801 633 1870 partibus
656 1801 693 1854 ita
711 1802 811 1855 incerta
830 1815 865 1856 ex
882 1802 980 1856 iisdem
999 1799 1096 1856 coniici
1122 1801 1247 1870 possunt.
1283 1797 1382 1869 Neque
1400 1801 1473 1853 enim

194 1889 363 1956 Ciceronem,
382 1893 413 1945 ut
430 1904 463 1945 ea
481 1888 616 1955 elimetur,
633 1891 800 1945 commotum
820 1903 892 1954 esse,
910 1892 933 1945 si
953 1891 998 1944 vei
1017 1890 1135 1959 quadam
1153 1891 1258 1944 tantum
1277 1902 1312 1943 ex
1330 1889 1406 1959 parte
1423 1901 1475 1958 pro

195 1994 327 2036 ausuum
346 1981 503 2051 cognitione
524 1979 560 2035 ab
579 1979 627 2034 ilio
645 1979 717 2034 dicta
735 1981 837 2044 essent,
856 1980 998 2051 intellego.
1035 1977 1083 2034 Sin
1106 1979 1150 2034 hic
1172 1980 1200 2034 in
1218 1979 1347 2033 sensibus
1365 1976 1474 2048 singola

194 2083 249 2124 non
268 2070 427 2138 persecutus
446 2070 498 2132 est.
523 2083 559 2125 ne
587 2069 614 2123 in
642 2069 740 2124 ceteris
766 2068 879 2137 quidem
906 2069 959 2124 hoc
978 2067 1079 2124 iactum
1097 2081 1161 2124 esse
1178 2081 1242 2122 meo
1260 2069 1319 2122 lure
1342 2069 1472 2136 suspicor.

195 2158 322 2228 Denique
349 2158 478 2214 Lucullus
504 2158 552 2214 Ac.
576 2157 596 2212 il
626 2156 660 2212 10
677 2172 754 2212 suam
773 2172 883 2213 eausam
902 2157 1031 2214 hesterno
1049 2171 1177 2214 sermone
1194 2155 1382 2212 labefactatam
1409 2169 1474 2210 esse

195 2262 251 2303 oon
270 2247 416 2304 contessus
433 2251 516 2312 esset,
544 2250 570 2302 sl
587 2247 643 2303 illic
660 2245 757 2304 Cicero
774 2263 825 2317 pro
843 2249 1006 2303 assensione
1029 2246 1183 2302 colribenda
1202 2260 1235 2300 ea
1254 2245 1378 2310 dixisset,
1402 2257 1474 2315 quae

193 2337 278 2406 paulo
295 2337 359 2392 ante
377 2338 433 2392 tam
451 2337 596 2392 evidenter
612 2337 649 2392 ad
667 2337 815 2392 absurdum
835 2337 954 2392 deducta
972 2339 1074 2392 essent.
1110 2335 1204 2406 itaque
1222 2349 1283 2390 curn
1301 2333 1474 2406 Augustinus

195 2429 223 2480 in
246 2423 372 2480 Cumano
397 2423 559 2482 Ciceronem
586 2427 778 2496 pronuntiasse
805 2440 964 2496 perversam
991 2426 1027 2481 de
1054 2427 1216 2480 assensione
1249 2426 1278 2480 et
1304 2436 1393 2479 errore
1411 2436 1473 2478 sen-

194 2515 307 2570 tentiam
326 2514 408 2579 dicat.
426 2517 449 2570 si
468 2514 620 2571 editionem
637 2516 753 2585 priorem
765 2515 915 2570 adhibitam
929 2529 993 2570 esse
1006 2515 1158 2579 credamus,
1171 2514 1224 2569 noc
1236 2513 1328 2569 solum
1340 2513 1432 2574 restet,
1444 2512 1475 2566 ut

194 2609 363 2677 argumenta,
383 2605 484 2674 quibus
502 2603 644 2674 probabile
672 2608 701 2659 ei
727 2606 896 2660 assensionis
915 2605 1061 2673 suspensio
1078 2603 1284 2676 redarguuntur,
1308 2616 1342 2657 ex
1362 2601 1475 2657 Lucullo

194 2693 356 2763 deprompta
374 2695 437 2748 sint
464 2693 501 2748 At
520 2695 648 2765 quoniam
661 2708 752 2763 neque
771 2694 824 2749 iroc
842 2692 901 2748 iteri
919 2695 1043 2763 potuisse
1060 2696 1089 2748 et
1105 2694 1198 2749 umen
1217 2691 1320 2748 luculli
1343 2693 1474 2746 rationem

195 2781 234 2852 §§
251 2781 361 2838 37-39
378 2783 447 2837 miro
464 2782 549 2838 modo
560 2796 623 2837 cum
636 2783 783 2854 Augustini
796 2783 939 2838 eoncinere
957 2785 1098 2854 cognitum
1110 2784 1163 2846 est,
1175 2796 1210 2837 ex
1221 2783 1276 2836 lroc
1287 2780 1394 2851 perdito
1406 2780 1475 2834 libro

197 2871 246 2928 Ae
258 2872 341 2940 posi..
354 2872 383 2925 in
401 2885 458 2941 quo
476 2870 580 2926 Lucrrlli
598 2875 759 2942 argumenta
772 2872 857 2926 multo
868 2872 1009 2941 copiosius
1021 2873 1104 2940 atque
1116 2873 1222 2926 acutius
1234 2871 1377 2940 explanata
1390 2876 1475 2933 erant,

195 2962 333 3015 auctorem
341 2960 467 3014 hausisse
476 2961 606 3031 sequitur.
620 2959 680 3016 iioc
689 2962 713 3014 si
723 2963 826 3015 rectum
836 2961 881 3026 sit,
890 2961 971 3015 nobis
980 2960 1043 3017 iicet
1051 2961 1174 3015 assentiri
1180 2959 1330 3014 loercirero
1339 2972 1374 3014 ex
1384 2959 1475 3012 verbis

196 3048 244 3104 Ac.
263 3048 285 3104 ii
303 3047 352 3104 3⁷:
375 3091 397 3113 ..
410 3089 439 3105 ..
457 3063 531 3103 nunc
548 3049 585 3104 de
602 3048 769 3104 adsensione
855 3063 942 3118 pauca
960 3049 1092 3112 dicemus,
1119 3063 1184 3103 non
1209 3062 1273 3117 quo
1295 3060 1362 3102 non
1386 3047 1476 3101 laius

195 3139 293 3194 locus
311 3140 370 3194 sii·
480 3141 538 3194 rato
556 3138 631 3210 (pag.
651 3137 716 3207 151)
735 3139 817 3193 etiam
835 3139 913 3208 plura
929 3137 1055 3193 Ciceroni
1080 3140 1107 3192 in
1131 3137 1208 3193 lonie
1231 3137 1370 3207 proposita
1389 3135 1475 3190 tuisse

196 3242 286 3298 eaque
311 3243 422 3299 prorsus
448 3243 512 3284 esse
534 3229 562 3283 ln
593 3227 737 3292 ,iuculio·
766 3229 894 3297 praecisa
943 3227 1044 3282 Tamen
1072 3241 1120 3282 cur
1148 3225 1206 3281 iteri
1233 3240 1289 3280 non
1321 3227 1418 3295 potuit,
1446 3226 1477 3280 ut

196 3318 324 3374 editionis
341 3319 452 3374 alterius
478 3332 511 3373 ea
529 3319 612 3387 parte,
631 3331 703 3390 quae
721 3317 906 3386 respondebat
922 3315 971 3372 Ac.
984 3316 1006 3372 ii
1023 3314 1139 3382 37-39,
1157 3313 1387 3387 adiungerentur?

286 3407 379 3478 Atque
398 3408 481 3462 etiam
499 3407 552 3461 alia
569 3420 651 3462 eausa
669 3409 828 3478 negaverim
847 3405 904 3460 lieri
917 3407 1048 3475 potuisse,
1068 3406 1098 3460 ut
1115 3407 1169 3460 iarn
1186 3406 1215 3460 in
1228 3402 1327 3460 Catulo
1345 3419 1387 3470 ea,
1406 3418 1477 3474 quae

197 3512 219 3551 c.
232 3496 282 3551 Ac.
296 3494 328 3551 ili
346 3494 454 3551 30-36
473 3494 589 3551 einrslus
601 3495 787 3550 demonstrata
805 3501 878 3561 suni,
897 3495 1102 3564 explicarentur.
1134 3493 1217 3549 Plane
1235 3495 1364 3550 contraria
1383 3494 1477 3563 opinio

197 3586 328 3641 suadetur
346 3583 488 3642 Ciceronis
505 3585 597 3641 verbis
616 3587 712 3654 ipsius.
749 3585 876 3640 Lucullus
894 3586 969 3640 enlm
988 3586 1016 3640 ln
1034 3583 1052 3654 ἕ
1070 3583 1106 3639 37
1117 3597 1237 3647 eausam.
1257 3597 1310 3652 qua
1323 3584 1476 3638 commotus

196 3677 253 3730 tam
271 3689 356 3744 pauca
375 3675 411 3730 de
428 3675 472 3730 iila
491 3676 597 3730 1111111111
614 3689 644 3729 re
661 3675 752 3731 dicere
770 3675 845 3739 velit,
863 3675 927 3745 post
944 3674 1029 3729 verba
1040 3687 1121 3745 supra
1133 3673 1214 3728 allata
1227 3673 1263 3727 ita
1275 3671 1389 3742 proteri:
1410 3671 1476 3736 ,sed

197 3766 297 3835 pauio
314 3767 393 3820 ante
411 3766 480 3820 lacta
498 3765 562 3819 suni
579 3763 782 3819 tundamenta·.
813 3761 923 3831 Quibus
934 3764 1031 3833 respici
1043 3762 1238 3832 explicationes
1251 3761 1288 3817 de
1301 3763 1477 3832 perceptione

197 3856 352 3924 superiores
371 3868 406 3909 ex
424 3855 466 3918 tis,
485 3867 556 3924 quae
573 3852 677 3908 ibidem
694 3852 908 3922 subsequuntur,
926 3855 1050 3922 apertum
1067 3851 1126 3906 esi:
1147 3849 1234 3916 ,iiam
1252 3865 1315 3906 eum
1327 3852 1392 3914 vim,
1405 3861 1478 3918 quae

198 3946 275 4000 esset
292 3945 320 3998 111
338 3942 475 4008 sensibus,
494 3942 707 4012 explicabamuq
733 3941 815 3996 simui
842 3941 911 3997 iliud
929 3941 1106 4012 aperiebatur,
1133 3940 1327 4012 comprehendi
1346 3938 1431 3994 multa
1449 3939 1477 3992 ei

198 4034 301 4104 percipi
319 4031 463 4097 sensibus;
481 4032 556 4102 quod
574 4030 633 4086 lieri
652 4033 713 4086 sine
731 4033 892 4086 assensione
910 4044 966 4086 non
984 4031 1100 4101 potest‘.
1128 4027 1175 4086 Sin
1188 4045 1238 4100 pro
1250 4029 1410 4084 assensione
1422 4028 1476 4082 iarn

198 4123 226 4177 in
247 4119 376 4186 ,Catulo·
397 4122 551 4191 copiosiora
569 4121 662 4176 essent
680 4120 821 4190 explicata,
841 4119 909 4175 lraee
926 4122 1037 4191 gravim
1052 4134 1134 4174 causa
1152 4120 1272 4176 breviter
1294 4116 1477 4189 amplectendi

199 4209 307 4276 inbuet,
337 4224 420 4280 quam
448 4210 523 4281 quod
551 4211 579 4265 in
606 4210 676 4265 libro
703 4209 732 4264 ii.
760 4209 796 4264 de
822 4211 997 4280 perceptione
1024 4210 1127 4265 dicium
1150 4210 1232 4264 esset.
1278 4206 1377 4277 Neque
1395 4206 1478 4277 igitur

90 4371 93 4375 .
200 4299 336 4364 Lucullus,
355 4302 485 4370 quonlam
503 4313 570 4354 suae
588 4300 700 4354 rationis
716 4312 800 4354 causa
818 4300 844 4353 ei
863 4297 1001 4354 atterenda
1021 4312 1085 4353 esse
1102 4299 1256 4362 videbatur,
1275 4311 1328 4366 qua
1347 4296 1478 4364 imprimis

200 4393 230 4444 ui
248 4390 322 4444 iliam
340 4389 535 4460 ingrederetur,
553 4390 718 4444 commoveri
737 4389 834 4457 poluit,
852 4401 914 4442 earn
942 4388 978 4442 de
1001 4387 1131 4442 industria
1159 4387 1269 4442 silentio
1295 4385 1477 4456 praeterisset

200 4476 287 4533 immo
305 4479 370 4534 milri
389 4491 550 4548 persuasum
568 4478 612 4532 est
629 4493 653 4533 c.
665 4477 714 4532 Ac.
727 4476 759 4532 iii
778 4475 886 4532 30—36
903 4490 938 4530 ex
956 4476 1078 4532 editione
1095 4479 1184 4543 priore
1208 4490 1263 4531 non
1289 4474 1374 4545 petita
1403 4486 1476 4528 esse.

200 4565 272 4622 Cum
290 4569 382 4623 autem
400 4565 527 4622 Ciceroni
545 4566 594 4622 Ac.
607 4566 628 4621 ii
647 4565 755 4622 37-39
773 4567 952 4621 conscribenti
975 4566 1058 4620 mulia
1081 4567 1158 4636 plura
1177 4565 1212 4620 de
1235 4566 1396 4619 assensione
1417 4577 1479 4633 pro.

201 4659 291 4726 posita
309 4655 395 4712 luisse
412 4658 632 4729 cognoverimus,
650 4657 718 4711 niirll
737 4655 906 4726 probabilius
923 4657 966 4710 est
978 4669 1060 4725 quam
1072 4655 1221 4711 Varronem
1234 4657 1262 4708 in
1275 4655 1345 4711 libro
1356 4653 1397 4709 til.
1411 4656 1478 4709 naec

201 4749 359 4818 argumenta
377 4748 516 4817 perstricta
534 4745 639 4801 tantum
658 4760 674 4799 a
692 4744 804 4801 Lucullo
821 4743 958 4815 explesse.
