3544 5320
772 377 949 436 ..21-

216 588 309 654 certe
333 603 402 653 non
426 586 539 653 minus
562 588 613 653 est
635 587 704 652 arta
733 602 834 669 quam
864 600 930 669 qua
953 583 1068 650 fratres
1096 583 1356 669 coniunguntur.
1402 583 1503 666 Quae

216 710 299 760 cum
323 693 367 761 ita
390 693 467 772 sint,
491 693 542 759 vis
566 691 803 778 philosophiae
827 690 884 758 illo
908 690 1063 776 exemplo
1091 693 1252 758 nontam
1277 690 1500 772 confirmatur,

223 802 259 867 ut
280 801 396 868 auctor
417 799 540 879 voluit,
571 817 672 885 quam
696 798 890 868 infirmatur.
936 796 970 865 ln
999 801 1124 864 tantam
1153 800 1263 864 autern
1292 797 1500 865 inconcinni·

216 909 323 974 tatem
347 906 377 974 is
401 906 465 973 nisi
489 906 601 973 causis
624 906 827 973 extrinsecus
855 905 963 972 allatis
986 923 1056 972 non
1081 905 1189 990 potuit
1216 904 1372 985 incidere,
1396 904 1500 990 idque

216 1030 276 1093 eo,
301 1012 395 1099 quod
417 1013 519 1080 nimis
542 1011 668 1080 fontem
686 1015 821 1080 secutus
845 1014 905 1078 est.
951 1009 1037 1079 Nam
1055 1009 1209 1080 Ciceroni
1225 1029 1338 1079 coram
1362 1011 1500 1080 amicis

223 1120 458 1206 praestantiam
494 1119 732 1206 philosophiae
754 1119 905 1186 omnium
934 1136 1042 1186 rerum
1067 1118 1270 1205 praedicanti
1298 1118 1419 1186 licebat
1441 1118 1500 1186 uni

215 1226 359 1294 alterive
393 1243 509 1294 eorum
537 1226 717 1302 commode
745 1225 868 1294 dicere:
898 1224 954 1305 „Si
984 1225 1219 1312 philosophiae
1246 1227 1354 1292 totum
1382 1224 1415 1292 te
1443 1225 1499 1292 de·

178 1337 183 1347 '⁴
215 1331 342 1414 disses,
367 1333 468 1401 istum
492 1331 558 1419 (vel
582 1334 651 1421 me)
674 1335 760 1401 sicut
781 1351 896 1401 verum
920 1333 1053 1401 fratrem
1077 1333 1352 1419 amplectereris.“

310 1438 486 1508 Postremo
502 1440 760 1509 memorandum
777 1443 827 1508 est
838 1439 1017 1527 Augustini
1034 1440 1173 1508 modum
1191 1439 1323 1508 dicendi
1341 1438 1500 1508 c.Ac.114

222 1547 427 1615 adhibitum:
456 1597 483 1625 ,.
502 1597 509 1614 .
528 1598 534 1613 .
553 1548 645 1634 quod
666 1567 684 1616 a
702 1547 945 1634 superfluarum
968 1547 1188 1634 cupiditatum
1212 1547 1385 1615 vinculis
1407 1563 1499 1615 evo·

214 1652 316 1736 lavi,
357 1654 450 1740 quod
485 1653 649 1740 depositis
687 1654 847 1722 oneribus
885 1657 1089 1722 mortuarum
1129 1672 1280 1721 curarum
1319 1654 1496 1740 respiro“

217 1761 398 1830 Ciceronis
415 1780 501 1842 esse,
526 1765 562 1829 ut
587 1762 749 1848 cognosci
765 1764 878 1848 potest
894 1779 936 1829 ex
951 1760 1034 1847 Rep.
1050 1760 1092 1828 Vl
1111 1762 1167 1828 14:
1194 1812 1231 1840 ,.
1249 1815 1257 1832 .
1275 1812 1283 1830 .
1300 1761 1358 1847 qui
1375 1778 1395 1828 e
1417 1778 1500 1828 cor·

218 1887 362 1955 porum
389 1869 564 1937 viriculis
586 1870 758 1956 umquam
783 1887 802 1936 e
824 1886 953 1937 carcere
977 1869 1254 1937 evolaverunt‘
1281 1871 1315 1935 et
1338 1885 1379 1935 ex
1401 1866 1498 1937 Tusc.

218 1976 338 2044 11135:
372 1976 470 2054 ,Non
498 1976 587 2044 enim
612 1976 720 2044 estin
743 1977 857 2045 nostra
881 1977 1045 2063 potestate
1072 1975 1298 2044 fodicantibus
1325 1974 1366 2043 iis
1388 1975 1499 2056 rebus,

214 2101 307 2170 quas
322 2085 427 2151 malas
443 2101 519 2151 esse
535 2083 723 2168 opinemur,
741 2082 983 2151 dissimulatio.
1001 2104 1025 2163 .;
1046 2082 1244 2168 respirare
1266 2099 1336 2150 non
1352 2082 1498 2150 sinunt“.

309 2190 345 2257 ln
360 2192 415 2274 §9
433 2190 569 2257 demum
581 2190 792 2277 Augustinus
805 2189 1003 2269 recordatur,
1016 2189 1097 2275 quid
1115 2187 1353 2275 disputandum
1367 2189 1452 2256 libro
1464 2189 1499 2257 ll.

213 2297 284 2364 sibi
301 2297 524 2383 proposuerit,
547 2315 623 2364 curn
647 2296 857 2364 confiteatur:
885 2295 1003 2374 ,Nunc
1025 2296 1068 2364 ad
1084 2295 1296 2382 propositum
1312 2295 1497 2363 veniamus.

219 2403 286 2471 Iam
303 2404 393 2471 enim
410 2422 486 2472 sero
502 2405 600 2490 coepi
616 2407 774 2485 metuere,
790 2422 834 2472 ne
850 2404 914 2472 hoc
930 2403 1130 2489 principium
1143 2401 1282 2470 modum
1295 2402 1499 2472 excederes.

217 2510 297 2578 Hoc
329 2529 455 2579 novum
486 2512 709 2599 propositum,
744 2511 779 2578 id
814 2513 864 2579 est
898 2511 1006 2597 ipsam
1042 2513 1155 2578 contra
1178 2508 1398 2578 Academicos
1433 2510 1499 2577 dis·

216 2619 438 2704 putationem,
462 2617 653 2704 aggreditur
674 2620 696 2702 §
715 2619 766 2685 ll.
805 2617 1004 2704 Priusquam
1020 2635 1100 2686 vero
1124 2617 1167 2685 ad
1187 2616 1274 2685 hanc
1297 2635 1365 2685 rem
1389 2617 1497 2702 ipsam

218 2724 430 2805 accedamus,
466 2744 569 2811 quam
605 2725 802 2793 brevissime
837 2743 1004 2792 summam
1038 2723 1200 2792 faciamus
1236 2724 1362 2810 primae
1396 2725 1499 2810 partis

214 2833 444 2917 quaestionis:
461 2833 543 2900 satis
559 2833 698 2918 cognito
713 2831 812 2899 etiam
830 2832 1003 2900 exordium
1020 2825 1094 2899 libri
1110 2849 1139 2900 c.
1149 2830 1208 2900 Ac.
1220 2830 1242 2898 Ι.
1260 2849 1301 2899 ex
1317 2830 1498 2900 Hortensio

214 2942 390 3025 sumptum
404 2958 479 3008 esse
491 2941 728 3008 constituimus
744 2942 923 3018 auctorem,
937 2957 1143 3026 quamquam
1160 2939 1194 3005 in
1209 2938 1278 3006 fine
1293 2937 1367 3005 libri
1383 2937 1405 3005 l.
1422 2956 1497 3024 pro-

213 3047 384 3114 nuntiavit
411 3065 448 3114 se
470 3049 541 3113 turn
565 3048 679 3115 contra
696 3045 915 3114 Academicos
944 3046 1106 3114 disserere
1132 3045 1228 3126 velle,
1258 3045 1347 3113 libro
1364 3045 1399 3112 ΙΙ.
1422 3063 1497 3131 pro·

213 3153 367 3220 oemium
385 3153 633 3239 praeposuisse,
650 3153 743 3238 quod
760 3154 833 3241 ipse
850 3153 987 3240 longius
1001 3153 1106 3223 fuisse
1121 3155 1298 3222 confessus
1310 3155 1370 3222 est.
1393 3153 1497 3236 Quod

212 3277 294 3326 cum
309 3258 519 3345 Augustinus
535 3260 738 3328 concesserit
761 3278 872 3346 neque
896 3260 978 3328 illud
995 3280 1013 3328 a
1031 3261 1165 3330 materia
1181 3261 1255 3328 libri
1273 3261 1370 3347 primi
1386 3261 1497 3329 seiun-

216 3366 370 3451 gendum
398 3384 474 3434 esse
498 3366 767 3447 intellexerimus,
794 3385 864 3434 non
888 3367 998 3434 solum
1021 3367 1142 3434 librum
1165 3367 1187 3434 1.
1212 3367 1272 3434 sed
1296 3368 1396 3435 etiam
1421 3385 1497 3452 pro·

216 3473 367 3540 oemium
392 3473 466 3540 libri
483 3473 528 3554 ΙΙ.,
554 3473 647 3560 quod
668 3474 876 3559 amplectitur
890 3475 933 3558 §§
954 3474 1048 3555 1-9,
1066 3492 1107 3541 ex
1123 3473 1301 3542 Hortensio
1326 3478 1496 3561 sumptum

213 3595 296 3647 esse
320 3581 503 3648 certissime
527 3581 760 3648 concludimus
769 3580 804 3667 1).

836 3859 873 3937 ll.

306 4069 404 4139 Nunc
438 4075 673 4139 convertamus
703 4090 767 4139 nos
802 4072 843 4139 ad
879 4071 1013 4139 alteram
1043 4076 1169 4157 partem
1200 4072 1418 4159 quaestionis,
1453 4072 1497 4140 ad

211 4177 481 4262 percensendam
507 4178 780 4264 disputationem,
805 4197 892 4265 quae
916 4183 1031 4246 contra
1052 4178 1273 4247 Academicos
1297 4180 1410 4248 habita
1434 4185 1495 4248 est.

170 4301 175 4310 ·
211 4282 407 4370 Antequam
432 4303 511 4353 vero
535 4285 578 4354 de
601 4285 745 4372 singulis
768 4285 869 4354 rebus
892 4285 1053 4364 dicamus,
1077 4287 1174 4354 liceat
1198 4286 1278 4353 mihi
1302 4286 1375 4354 eius
1399 4305 1495 4374 argu·

214 4394 368 4457 mentum
393 4409 576 4475 exponere:

308 4603 331 4674 ¹)
350 4602 459 4658 Scilicet
477 4604 648 4660 excludenda
670 4607 734 4661 sunt
751 4619 783 4661 ea
802 4605 819 4675 ἓ
839 4606 863 4671 l,
891 4620 961 4675 quae
980 4621 1014 4662 ex
1031 4605 1203 4662 Academicis
1228 4605 1389 4677 profluxisse
1415 4606 1496 4661 nobis

211 4704 280 4763 pag.
295 4692 328 4748 16
346 4693 516 4758 videbantur,
545 4695 572 4748 et
590 4696 702 4749 omnino
720 4697 820 4762 omnia,
848 4711 918 4766 quae
936 4696 971 4751 ad
990 4694 1197 4751 familiaritatem
1216 4695 1361 4767 Augustini
1381 4696 1495 4763 eiusque

209 4783 364 4836 amicorum
382 4783 505 4852 spectant
523 4782 568 4852 (θῇ
587 4783 613 4846 2,
632 4783 657 4848 3,
676 4783 701 4848 8,
720 4783 757 4853 9).
