3544 5320
814 348 992 408 ..60-

260 555 360 623 'cuius
384 557 494 641 partes
517 554 674 622 Lucullus
698 555 867 638 sequitur?
902 553 1025 621 Verum
1050 554 1140 621 enim
1165 572 1245 622 vero
1261 554 1473 622 statuendum
1491 557 1543 622 est

263 662 346 729 illud
371 664 605 747 argumentum
630 680 649 728 a
673 661 810 728 Lucullo
834 661 989 728 consulto
1014 661 1227 748 praetermitti
1236 663 1269 742 ¹).

353 785 486 853 Deinde
516 788 653 872 apparet
672 785 910 872 Augustinum,
941 803 1016 852 cum
1053 785 1178 853 ibidem
1203 789 1333 872 pergat:
1372 783 1466 863 ,Hoc
1499 783 1542 852 de

260 893 401 960 turrium
419 896 524 960 motu
541 943 550 960 .
568 944 576 960 .
594 943 601 960 .
620 893 683 960 dici
700 896 844 978 potest‘,
861 892 1065 979 cogitatione
1081 911 1201 960 navem
1219 892 1387 978 quandam
1404 891 1541 978 tingere,

268 1000 302 1066 in
327 1018 394 1086 qua
417 1000 474 1086 qui
492 1002 673 1079 versentur,
698 999 738 1066 iis
761 1000 858 1066 turris
881 998 1008 1066 moveri
1024 997 1183 1066 videatur.
1222 998 1320 1080 Quae
1344 1017 1395 1066 res
1422 997 1541 1066 eadem

352 1301 375 1371 ι)
392 1301 519 1358 Fortasse
541 1302 669 1356 succurrit
696 1300 730 1356 ad
758 1301 830 1356 certe
858 1300 1080 1372 cognoscendum
1105 1301 1184 1356 locus
1207 1298 1282 1356 Sexti
1309 1299 1435 1370 Empirlcl
1463 1297 1543 1370 (Πρὸς

258 1391 437 1462 ,Δογμοιτικοὺς
454 1389 481 1443 A
500 1389 578 1457 208):
612 1431 634 1454 ,.
654 1432 660 1445 .
681 1426 689 1441 .
706 1387 763 1442 οἰνκ
781 1389 816 1442 ἂν
833 1386 950 1461 εἴποιμι
968 1389 1140 1460 dedocebat
1162 1389 1219 1463 τὴν
1241 1386 1318 1460 ὄψιν,
1340 1387 1378 1442 ὅτι
1395 1387 1426 1441 ἔτι
1442 1393 1543 1456 perpati

259 1482 308 1548 pls
325 1478 496 1552 διανοήματος
521 1483 609 1548 μικρὸν
631 1477 678 1550 ὁρᾷ
699 1483 742 1532 τὸν
764 1478 855 1551 πύργον
874 1522 881 1536 .
901 1522 908 1535 .
928 1523 934 1535 .
957 1482 990 1533 ἐκ
1012 1482 1039 1533 bt
1060 1485 1104 1534 rod
1126 1478 1244 1551 σύνεγγυς
1265 1478 1366 1546 μείζονα
1384 1521 1391 1535 .
1406 1519 1430 1542 .,
1458 1476 1543 1532 ἀλλὰ

262 1567 386 1641 μᾶλλον
403 1567 590 1640 ἀληθιύοιν,
608 1567 645 1622 ὅτι
658 1568 703 1622 καὶ
715 1567 756 1621 bos
768 1566 880 1640 φοὶννται
898 1572 986 1637 μικρὸν
1004 1567 1069 1640 αὐτῇ
1086 1570 1115 1622 τὸ
1133 1565 1258 1642 αἰσθητὸν
1273 1571 1319 1621 καί
1336 1565 1541 1639 τοιοοτὸοχηρον,

263 1655 359 1718 ’ὅντως
385 1656 436 1710 doct
458 1659 582 1725 μακρὸν.
602 1700 609 1716 ,
629 1664 690 1729 ,τῇ
717 1661 768 1712 διὰ
794 1663 848 1711 τοῦ
875 1661 968 1726 ἀέρος
995 1666 1074 1730 φορᾷ
1105 1657 1320 1728 ἀποθραοορένων
1345 1663 1395 1709 τῶν
1416 1658 1485 1709 καρὰ
1510 1657 1543 1708 τὰ

259 1743 358 1800 ,εἴδωλα
379 1749 491 1815 πρᾶτον
510 1786 518 1803 .
537 1788 544 1802 .
563 1750 586 1803 .·
625 1747 697 1819 Ergo
725 1748 829 1803 ibidem
856 1751 914 1818 parl
943 1749 1027 1804 modo
1054 1749 1137 1818 atque
1164 1747 1199 1802 ab
1227 1747 1384 1818 Augustino
1412 1745 1543 1800 iudicatur

263 1837 367 1901 oculos,
389 1836 523 1906 quidquid
546 1837 650 1903 vident,
677 1851 773 1892 verum
796 1837 890 1892 vlrlere
914 1838 967 1893 alio
995 1839 1100 1892 tantum
1125 1837 1252 1906 exemplo
1273 1835 1363 1892 allato.
1399 1833 1456 1890 Sed
1479 1843 1542 1890 corl-

262 1924 380 1980 ieramus
399 1927 468 1981 inter
486 1940 516 1980 se
535 1927 676 1996 utriusque
695 1927 829 1996 exempla.
859 1927 942 1997 Apud
961 1927 1106 1997 utrumque
1124 1925 1271 1982 aiiirmatur
1289 1923 1384 1980 oculos
1402 1923 1542 1978 hominum

263 2028 319 2070 non
337 2013 436 2084 decipi,
455 2014 506 2070 sed
524 2029 589 2070 vera
607 2015 709 2079 videre,
733 2031 794 2070 cum
813 2015 857 2072 hic
880 2018 960 2071 turrls
982 2015 1117 2082 alteratur,
1140 2029 1211 2086 quae
1233 2013 1327 2084 procul
1350 2014 1409 2068 visa
1431 2026 1543 2068 reuera

263 2105 353 2158 minor
370 2104 406 2158 sit
423 2117 505 2173 quam
523 2118 608 2174 prope
627 2105 760 2170 videatur,
783 2104 858 2175 quod
877 2120 923 2160 aer
940 2106 1097 2161 interiectus
1116 2105 1160 2169 slt,
1179 2103 1231 2158 llltc
1249 2117 1349 2168 remus,
1367 2104 1414 2172 qui
1432 2116 1461 2156 re
1479 2115 1542 2157 uera

262 2190 371 2258 tractus,
390 2191 466 2262 quod
483 2207 553 2262 aqua
572 2191 670 2248 oilusa.
700 2193 823 2264 Utroque
840 2195 923 2264 igitur
941 2193 1075 2263 exemplo,
1094 2207 1165 2264 quae
1184 2191 1270 2248 oculis
1288 2190 1424 2257 videntur,
1442 2189 1542 2246 eodem

262 2281 515 2336 mathematicorum
535 2282 645 2337 decreto
664 2283 837 2353 explicantur,
857 2285 901 2338 blc
919 2284 1001 2353 atque
1021 2283 1076 2338 llllc
1088 2283 1287 2354 argumentatio
1300 2282 1327 2334 ln
1340 2280 1441 2335 eodem
1454 2291 1542 2334 errore

260 2371 354 2439 posita
373 2371 423 2435 est,
442 2372 534 2440 ltaque
552 2373 711 2442 argumenta
729 2373 807 2441 quasi
825 2373 986 2444 argumenta
1004 2374 1077 2427 sunt

357 2475 433 2532 llaec
451 2477 521 2532 lnter
538 2478 721 2550 Augustinum
740 2481 768 2535 et
786 2477 897 2535 Sextum
918 2481 1065 2534 consensio
1082 2479 1250 2548 quantopere
1261 2474 1433 2546 respicienda
1450 2475 1495 2540 sit,
1513 2475 1544 2530 ut

260 2566 452 2636 cognoscatur,
471 2565 551 2621 liceat
569 2568 635 2622 mllrl
654 2569 799 2623 nonnullas
818 2568 900 2623 buius
920 2567 1115 2637 explicationes
1128 2581 1190 2622 cum
1203 2564 1336 2621 Cicerone
1349 2565 1376 2619 et
1388 2563 1544 2635 Augustino

259 2668 427 2723 comparare.
465 2653 543 2722 Quas
569 2657 592 2710 si
621 2658 701 2726 paulo
728 2659 878 2712 accuratius
906 2658 1067 2726 inspexeris,
1095 2657 1145 2710 lros
1173 2656 1227 2710 tres
1255 2655 1378 2710 auctores
1402 2656 1429 2708 in
1451 2652 1544 2708 verbis

259 2743 461 2813 sententiisque
479 2745 548 2799 inter
565 2757 597 2800 se
615 2748 758 2800 concinere
777 2745 902 2802 tacllllme
922 2745 1072 2816 intellegas.
1109 2744 1256 2815 Propterea
1274 2742 1446 2798 conterantur
1463 2742 1543 2796 baec:

494 2850 543 2907 Ac.
557 2850 578 2906 ll
597 2851 645 2908 66:
1106 2850 1179 2908 Sext
1198 2849 1225 2903 A
1243 2848 1293 2906 156
1306 2864 1365 2920 sq:

317 2938 369 2994 Pro
390 2941 463 2995 veris
485 2939 552 2996 ialsa
579 2942 693 3011 probare
720 2943 876 3011 turpissl-
982 2937 1004 2992 st
1016 2939 1228 3012 οογκατατεθιται
1244 2956 1288 2992 τινι
1306 2939 1355 3008 (sc,
1373 2935 1496 3009 ὁοορὸς),
1508 2941 1544 3008 τῷ

261 3043 349 3084 mum
362 3031 412 3085 est.
443 3029 606 3085 Nectamen
625 3045 678 3102 ego
697 3033 721 3086 is
739 3046 810 3096 sum,
828 3033 875 3101 qui
930 3029 1110 3102 ἀκαταλήπτῳ
1143 3027 1377 3100 merolilanus,
1404 3026 1425 3100 ἡ
1451 3028 1479 3080 ot
1507 3029 1544 3098 τῷ

263 3117 333 3173 nihil
346 3133 476 3188 umquam
485 3117 546 3174 taisi
559 3120 718 3189 adprobem,
736 3122 782 3190 qul
800 3134 877 3174 nurn-
930 3117 1108 3191 dmruilpnp
1147 3117 1332 3188 σογνοτάθνοις
1368 3115 1430 3178 bita
1468 3117 1543 3172 toas.

261 3221 347 3276 quam
367 3207 513 3274 adsentiar,
531 3210 578 3278 qul
596 3209 663 3263 nihii
681 3211 784 3278 opiner.
820 3207 875 3265 Sed
930 3207 993 3260 ὥοον
1004 3205 1087 3262 αἰτῶν
1098 3207 1352 3279 σομαοοτιθνμννων
1363 3203 1543 3276 ἐοτὶνὸοορὸς,

260 3297 421 3366 quaerimus
444 3297 480 3352 de
497 3298 631 3366 sapiente.
667 3297 725 3369 Ego
743 3312 809 3353 vero
827 3340 833 3354 .
848 3341 875 3354 ..
929 3304 979 3350 τῶν
996 3295 1154 3358 latueram
1171 3292 1363 3366 ἔσταιὸοορός.
1397 3291 1453 3366 οὐχι
1471 3292 1497 3346 δέ
1514 3311 1544 3366 γε

264 3385 877 3457 magnus..sumopinator...Sapientis
929 3393 979 3439 τῶν
1011 3383 1138 3448 intumos
1166 3383 1262 3437 ἐστινὸ
1286 3383 1363 3454 σορός
1394 3389 1477 3436 undu
1494 3385 1544 3455 γὰρ

265 3475 357 3530 autem
376 3476 445 3530 lrarrc
463 3477 558 3531 censet
575 3476 710 3532 Arcesilas
734 3479 789 3531 vim
812 3491 876 3532 esse
930 3473 1110 3547 ἀφροσύνης
1127 3469 1161 3546 ἥν
1179 3473 1245 3525 κατ’
1265 3471 1377 3536 αὐτούς
1396 3473 1443 3542 [sc.
1457 3480 1544 3525 aeor-

262 3565 410 3618 maximam
427 3562 552 3619 Zenoni
582 3564 750 3631 adsentiens,
780 3579 876 3630 cavere
930 3563 1014 3633 κούς]
1033 3567 1080 3616 καὶ
1096 3569 1147 3614 τῶν
1164 3561 1356 3635 ἁμαρτημάτων
1373 3559 1458 3614 αἴτιον.

263 3664 301 3707 ne
318 3654 517 3723 capiatur...,
542 3653 609 3709 rrlhil
633 3656 675 3709 est
699 3656 772 3708 enim
791 3654 825 3708 ab
845 3668 877 3709 ea
1139 3665 1161 3707 c.
1179 3651 1262 3709 Ac.ll
1283 3651 1330 3706 ll:

260 3742 440 3812 cogitatione,
454 3757 535 3812 quam
548 3743 684 3798 habemus
697 3743 733 3798 de
745 3743 878 3815 gravitate
984 3741 1056 3798 Cum
1074 3742 1109 3796 ab
1127 3740 1227 3796 eodem
1245 3739 1358 3796 Zenone
1375 3740 1545 3810 accepissent

263 3831 404 3900 sapientis,
423 3845 519 3896 errore,
541 3832 660 3897 levitate,
683 3833 876 3888 temeritate
931 3831 999 3886 rrilrll
1018 3845 1080 3887 esse
1099 3831 1232 3900 turpius
1249 3843 1332 3899 quam
1345 3832 1461 3899 opinari,
1478 3843 1544 3886 con·

262 3918 421 3974 diiunctius.
931 3919 1052 3977 iecerunt
1071 3920 1254 3984 callidissime,
1266 3919 1296 3972 ut
1314 3920 1337 3973 sl
1356 3919 1424 3972 nllrll
1441 3920 1544 3988 percipi

931 4014 1026 4079 posset
1044 4012 1072 4066 et
1095 4010 1170 4065 esset
1192 4008 1314 4078 opinatio
1332 4008 1543 4078 turpissima,

931 4098 998 4154 nilrll
1016 4113 1137 4168 unquam
1155 4100 1265 4167 sapiens
1283 4096 1453 4166 approbaret.

488 4203 537 4261 Ac.
555 4200 576 4260 11
595 4204 642 4261 67:
967 4283 969 4288 ι
1159 4203 1233 4261 Sext.
1252 4203 1331 4260 ibid:

318 4291 346 4349 Sl
369 4292 416 4349 ulli
439 4295 476 4350 rel
499 4296 608 4364 sapiens
631 4295 799 4352 adsentietur
816 4309 875 4350 urn-
983 4292 1015 4348 El
1041 4293 1266 4367 assuerat-baares
1292 4293 1306 4345 l
1329 4292 1414 4364 σοφὸς,
1441 4290 1541 4354 baean

260 4395 356 4452 quam,
397 4382 543 4452 aliquando
584 4386 667 4440 etlam
707 4385 874 4455 opinabitur;
929 4383 1033 4456 ὁοοφός
1047 4427 1053 4440 ,
1067 4423 1094 4439 ..
1112 4381 1170 4455 οὐχι
1186 4386 1215 4436 ot
1232 4400 1262 4454 p
1277 4389 1327 4435 τῶν
1342 4381 1545 4444 atomorum

164 4483 165 4486 ’
265 4486 415 4541 numquam
425 4473 517 4527 autem
529 4473 698 4544 opinabitur;
717 4474 783 4529 nulli
794 4476 876 4546 igitur
930 4472 1040 4544 δουρός.
1055 4511 1082 4528 ..
1104 4469 1153 4524 ode
1165 4470 1277 4541 ἄροτον
1288 4469 1541 4544 συγκατατιθεμένων

264 4562 303 4616 rel
322 4561 498 4617 adsentietur.
930 4565 995 4616 laets
1012 4560 1026 4614 ὁ
1044 4561 1128 4633 σορός.

358 4665 467 4723 Deinde
490 4670 666 4738 respiciantur
692 4670 776 4724 veiim
807 4669 860 4723 bae
891 4670 1086 4739 explicationes
1116 4667 1191 4724 Sexti
1231 4667 1297 4738 (150
1327 4667 1412 4738 sqq.):
1453 4664 1483 4719 Ol
1517 4663 1545 4719 it

259 4760 320 4825 πρῑ
337 4761 379 4810 τὸν
398 4756 565 4826 Ἀρκεσίλαον
583 4758 776 4830 προηγουμένως
803 4760 848 4825 μὲν
874 4755 945 4812 οὐδὲν
971 4757 1063 4826 ὥρισαν
1090 4758 1226 4830 κριοῆριον,
1254 4755 1277 4810 ol
1300 4757 1327 4810 sl
1353 4759 1400 4810 aaut
1426 4755 1545 4824 duplatum
