3544 5320
730 437 910 497 ...65-

181 643 303 730 pergit:
341 642 428 724 „Aut
461 642 604 711 tortasse
637 644 720 711 illud
753 643 955 725 formidabit,
980 694 1093 712 .....
1119 644 1146 712 si
1176 663 1237 731 pro
1265 644 1351 712 veris
1378 643 1461 710 ialsa

180 750 412 836 probaverit
559 750 652 819 Haec
686 750 785 818 etiam
821 750 863 818 de
897 751 1006 818 lurore
1041 750 1106 818 dici
1141 753 1317 837 possunt.“
1374 749 1460 817 Turn

180 856 317 924 demum
334 855 375 923 ad
397 873 434 925 se
451 856 533 924 redit
552 857 607 924 illa
623 858 725 924 verba
740 856 894 924 effando:
919 857 1008 939 „Sed
1022 857 1056 924 in
1073 857 1137 925 alia
1154 909 1160 922 .
1179 908 1186 922 .
1206 864 1235 924 .“
1271 857 1410 930 Revera
1427 858 1462 923 in

181 964 243 1031 hac
268 980 405 1048 quoque
429 965 640 1050 paragrapho
657 981 733 1031 eum
751 964 1000 1051 perceptionem
1018 965 1125 1032 solam
1141 963 1277 1031 tractare
1294 965 1328 1030 in
1345 964 1460 1031 animo

181 1071 304 1138 habere
329 1069 541 1137 manifestum
567 1073 681 1137 estex
704 1070 769 1151 eis,
801 1088 888 1156 quae
912 1071 1176 1156 subsequuntur:
1206 1069 1320 1152 „l-laec
1347 1076 1461 1138 tamen

181 1177 254 1243 sine
286 1175 505 1244 conclusione
534 1177 744 1244 securissima
776 1195 845 1244 non
875 1177 1044 1262 relinquo:
1090 1176 1156 1244 Aut
1184 1177 1272 1244 enim
1302 1177 1462 1244 amittitur

180 1283 290 1352 lurore
313 1284 477 1371 sapientia
502 1333 535 1349 ..
560 1285 620 1350 etc.
645 1284 696 1366 (ut
719 1283 866 1369 supra).“
913 1282 1025 1365 Quam
1055 1284 1310 1369 discrepantiam
1335 1283 1460 1370 duplici

181 1390 405 1476 dispositione
451 1390 590 1472 (Luculli
626 1393 659 1457 et
694 1389 879 1476 Ciceronis)
925 1393 1052 1458 servata
1090 1389 1300 1476 Augustinus
1339 1391 1462 1457 evitare

183 1499 302 1583 potuit,
326 1498 354 1564 si
378 1515 441 1564 suo
463 1499 593 1564 tantum
617 1497 761 1564 consilio
785 1496 956 1564 materiam
979 1497 1200 1583 explanasset.
1248 1498 1361 1583 ltaque
1384 1515 1461 1563 cum

182 1622 221 1671 ea
246 1603 338 1689 ipsa,
367 1622 453 1690 quae
477 1604 511 1670 in
536 1604 721 1671 orationem
745 1621 842 1669 suam
866 1603 974 1670 aliena
999 1621 1035 1670 se
1059 1603 1163 1671 invito
1187 1604 1362 1672 incurrisse
1386 1622 1461 1689 pro·

181 1709 300 1791 litetur,
326 1710 426 1778 miras
450 1708 613 1794 quasdam
639 1708 876 1777 similitudines
900 1727 1007 1776 rerum
1031 1711 1276 1796 verborumque
1300 1711 1460 1796 praebere

181 1834 257 1884 cum
282 1816 454 1885 Ciceronis
477 1816 687 1884 Academicis
715 1834 816 1901 supra
840 1816 1148 1897 diiudicaverimus,
1177 1835 1218 1885 eo
1249 1817 1459 1885 manifestius

185 1927 235 1990 est
259 1911 351 1990 illum
376 1925 397 2008 §
421 1923 464 1990 28
489 1923 585 2009 quasi
609 1923 681 1990 sine
705 1925 817 1990 mente
841 1941 880 1990 ac
902 1923 1029 1990 ratione
1053 1942 1093 1990 ex
1115 1923 1207 1991 tonte
1231 1923 1394 1991 hausisse.

269 2049 291 2130 §
314 2048 357 2114 29
381 2048 424 2114 ab
447 2047 639 2133 Augustino
662 2045 834 2114 dialectica
857 2049 1011 2115 tractatur
1033 2065 1140 2133 eaque
1168 2048 1227 2128 ita,
1256 2051 1292 2114 ut
1321 2049 1462 2133 explicet

182 2171 218 2221 se
242 2153 285 2221 de
309 2172 348 2221 ea
372 2155 454 2222 scire
478 2153 595 2240 „plura
619 2171 721 2239 quam
746 2152 788 2220 de
813 2154 932 2238 quavis
961 2156 1052 2238 parte
1080 2154 1350 2240 philosophiae“.
1397 2153 1461 2222 Per

182 2261 287 2328 istam
304 2261 393 2327 enim
418 2279 454 2328 sc
476 2259 633 2327 didicisse
650 2278 771 2327 omnes
794 2261 1044 2346 propositiones
1061 2278 1137 2328 esse
1152 2279 1262 2340 veras,
1287 2261 1411 2347 quibus
1427 2262 1461 2328 in

120 2383 122 2387 ·
182 2367 399 2453 paragraphis
417 2367 645 2452 superioribus
662 2385 743 2434 usus
760 2367 810 2434 sit.
859 2365 968 2434 Huius
992 2368 1126 2453 generis
1147 2371 1218 2435 tum
1240 2368 1323 2436 aliae
1343 2369 1461 2436 adiun-

181 2477 314 2558 guntur.
349 2473 463 2540 Talem
480 2473 804 2558 argumentationem
822 2473 975 2558 quamvis
991 2473 1024 2540 in
1041 2474 1166 2540 Luculli
1184 2475 1463 2561 explicationibus

182 2598 349 2665 nusquam
380 2581 573 2661 invenerim,
603 2583 716 2647 tamen
744 2579 851 2647 tuisse
878 2579 1144 2666 dogmaticorum
1175 2584 1313 2667 apparet
1341 2599 1382 2649 ex
1409 2582 1462 2650 his

183 2685 355 2755 Ciceronis
379 2687 489 2754 verbis
513 2687 547 2753 in
563 2685 621 2754 Ac.
637 2684 667 2752 Π
682 2684 758 2766 911)
783 2686 1017 2767 „Dialecticam
1040 2687 1209 2754 inventam
1226 2706 1302 2755 esse
1327 2687 1462 2756 dicitis

182 2794 250 2860 veri
275 2796 308 2860 et
330 2793 403 2860 lalsi
435 2794 529 2878 quasi
559 2792 856 2878 disceptatricem.
883 2845 889 2858 .
916 2845 923 2860 .
954 2792 1036 2878 quid
1065 2793 1164 2878 igitur
1192 2793 1352 2862 iudicabit
1379 2795 1462 2880 (dia-

183 2900 356 2978 lecticam?
402 2918 488 2985 quae
526 2900 775 2977 coniunctio,
812 2918 899 2985 quae
937 2899 1135 2967 diiunctio
1169 2919 1260 2968 vera
1294 2902 1462 2969 sit....“

184 3005 393 3088 Quibuscum
418 3006 637 3085 conterantur,
663 3023 749 3091 quae
766 3007 887 3091 scripta
908 3009 986 3072 sunt
1009 3025 1036 3072 c.
1053 3005 1109 3073 Ac.
1130 3008 1150 3074 l.
1168 3025 1212 3074 a.:
1238 3007 1382 3087 „Docuit
1405 3025 1460 3074 me

184 3113 390 3198 (dialectica),
407 3113 435 3180 si
452 3113 546 3180 cuius
560 3131 686 3192 eorum,
704 3130 791 3198 quae
807 3130 875 3197 per
890 3114 1150 3180 conexionem
1168 3112 1271 3180 modo
1284 3115 1459 3200 proposui,

184 3237 259 3304 pars
287 3219 527 3286 antecedens
555 3222 725 3304 assumpta
758 3219 867 3299 luerit,
903 3220 1030 3286 trahere
1060 3219 1249 3286 necessario
1281 3219 1329 3300 id,
1365 3221 1457 3304 quod

183 3344 379 3393 annexum
403 3329 463 3393 est.
510 3325 558 3392 Ea
581 3343 675 3407 ver0,
706 3343 792 3411 quae
821 3344 890 3411 per
917 3326 1173 3410 repugnantiam
1202 3327 1255 3393 vel
1283 3326 1460 3394 disiunc-

182 3433 333 3499 tionem
368 3451 387 3500 a
422 3451 475 3500 me
510 3435 588 3499 sunt
621 3433 805 3512 enuntiata,
841 3433 927 3498 hanc
963 3433 1085 3499 trabere
1118 3436 1280 3511 naturam,
1317 3436 1352 3500 ut
1384 3452 1462 3502 cnm

184 3540 413 3606 auferuntur
442 3543 559 3620 cetera,
585 3591 592 3606 .
618 3591 625 3606 .
651 3591 658 3604 .
685 3591 691 3605 .
715 3541 813 3606 restet
846 3537 988 3622 aliquid,
1024 3538 1116 3624 quod
1146 3557 1260 3606 eorum
1292 3540 1463 3608 ablatione

183 3645 398 3713 lirmetur.“
467 3646 575 3714 Simili
621 3649 731 3713 autem
778 3645 882 3712 modo
928 3664 947 3711 a
994 3643 1155 3713 Cicerone
1202 3646 1277 3730 ipso
1324 3665 1461 3734 quoque

184 3753 437 3820 coniunctiones
462 3756 494 3820 et
517 3753 758 3820 disiunctiones
781 3753 1058 3818 internoscuntur.
1105 3753 1264 3839 Legimus
1287 3752 1345 3820 Ac.
1362 3751 1461 3820 1196:

185 3859 280 3945 „Ipsa
304 3860 392 3926 enim
417 3860 516 3926 ratio
540 3860 680 3927 conexi
709 3877 785 3926 curn
814 3859 1019 3926 concesseris
1048 3860 1248 3943 superius,
1283 3861 1374 3945 cogit
1402 3861 1460 3926 in·

182 3965 306 4032 terius
331 3966 545 4047 concedere“,
569 3965 661 4050 quod
683 3965 889 4032 enuntiatum
907 3966 1006 4051 plane
1022 3965 1203 4050 respondet
1219 3966 1265 4033 illi
1281 3965 1460 4051 Augustini

185 4073 284 4157 priori
308 4073 411 4140 modo
436 4073 546 4140 allato.
594 4071 699 4139 Cuius
723 4089 799 4138 cum
825 4072 927 4139 altero
951 4072 1097 4139 concinit
1125 4073 1189 4139 hoc
1217 4073 1251 4139 in
1274 4069 1378 4139 Acii
1400 4072 1458 4139 95:

186 4177 319 4258 „Rebus
350 4180 492 4265 sumptis
523 4179 703 4265 adiungam
739 4196 780 4245 ex
809 4178 850 4244 iis
884 4178 1110 4262 sequendas
1146 4196 1221 4246 csse
1252 4179 1344 4256 alias,
1380 4179 1462 4246 alias

185 4284 467 4369 improbandas
489 4304 576 4372 quae
596 4285 716 4352 sintin
736 4302 858 4370 genere
874 4285 1072 4351 contrario.“
1111 4283 1178 4352 Sed
1195 4285 1236 4351 de
1253 4286 1319 4352 hoc
1338 4303 1461 4370 genere

185 4391 456 4477 propositionum
490 4393 608 4458 iterum
643 4394 742 4477 atque
772 4391 870 4457 etiam
901 4390 1073 4475 copiosius
1108 4391 1252 4475 loquitur
1286 4392 1320 4456 in
1351 4393 1371 4474 §
1400 4390 1460 4458 97:

195 4496 292 4578 ,Cum
318 4498 477 4565 dialectici
506 4499 554 4565 sic
577 4500 722 4565 statuant
749 4514 851 4564 omne
880 4496 971 4582 quod
1000 4497 1044 4562 ita
1072 4496 1273 4564 disiunctum
1298 4497 1339 4563 sit
1364 4497 1462 4582 quasi

186 4607 251 4684 ,aut
285 4605 384 4672 ctiam
421 4607 477 4670 aut
511 4609 591 4670 non‘
617 4656 624 4669 .
649 4654 689 4671 ..
725 4622 839 4671 verum
873 4620 947 4669 esse
982 4601 1032 4688 (ut
1062 4620 1137 4688 pag.
1156 4603 1213 4690 53)
1239 4653 1246 4669 .
1272 4653 1279 4670 .
1306 4655 1346 4669 ..
1382 4622 1462 4671 nam

274 4837 295 4899 1)
315 4835 402 4890 Leder
420 4850 480 4906 pag.
494 4833 537 4890 37.
