3544 5320
727 403 905 462 ..13..

178 613 401 697 posteaquam
445 606 479 675 in
522 626 605 695 agro
648 609 758 680 vivere
802 609 987 694 coepimus,
1034 626 1110 677 curn
1151 625 1210 676 eos
1256 607 1314 675 adw
1346 607 1459 674 studia

179 720 379 796 hortans...
395 765 403 783 .
420 719 575 802 paratos..
590 765 598 782 .
613 767 642 782 ..
658 715 839 795 viderem‘,
856 715 938 784 inihi
955 714 1092 801 quidem
1109 715 1250 782 omnino
1262 715 1330 782 veri
1347 715 1456 782 simile

178 824 308 892 videtur
336 842 405 891 non
429 841 503 891 esse
531 840 709 890 eumcum
739 821 998 890 adulescentulis
1027 823 1134 908 prima
1158 823 1322 889 elementa
1346 823 1459 907 philo·

179 931 320 1017 sophiae
337 931 543 999 discentibus
560 930 612 996 his
628 929 811 1017 pauculis
827 929 947 996 diebus
965 947 1034 996 uno
1050 929 1136 996 libro
1149 928 1226 1014 plus
1238 930 1459 1003 recensuisse.

269 1055 362 1126 Haec
392 1074 433 1122 ex
462 1055 503 1122 iis
535 1055 749 1141 argumentis,
781 1053 906 1140 quibus
935 1052 1150 1122 Ohlmannus
1179 1053 1277 1121 evicit
1305 1072 1345 1120 ex
1374 1052 1461 1121 Hor·-

180 1163 290 1230 tensio
319 1163 439 1230 librum
467 1165 581 1229 contra
600 1160 702 1228 Acad.
727 1161 748 1227 l.
780 1159 989 1247 profiuxisse,
1019 1159 1193 1246 seligenda
1224 1164 1257 1227 et
1288 1161 1460 1229 relerenda

181 1289 257 1338 esse
286 1267 488 1356 quibusdam
519 1267 653 1334 mutatis
681 1267 805 1354 putavi.
851 1266 950 1334 Nunc
977 1270 1219 1352 perscrutemur
1247 1269 1460 1352 prooemium

180 1377 255 1444 libri
284 1394 311 1443 c.
332 1375 390 1443 Ac.
412 1375 446 1455 l.,
470 1375 563 1460 quod
596 1391 637 1442 ex
667 1373 847 1441 Hortensio
880 1374 1028 1460 pendere
1058 1372 1274 1460 Plasbergius
1305 1375 1339 1441 in
1368 1375 1461 1442 Diss.

181 1503 259 1570 pag.
277 1484 378 1551 tib-ab
395 1480 610 1568 Hartlichio1).
626 1481 827 1549 dissentiens
850 1480 940 1548 nulla
963 1498 1064 1549 causa
1088 1482 1186 1549 allata
1210 1483 1355 1568 negavit.
1390 1483 1463 1550 Etsi

182 1593 273 1660 enim
288 1589 502 1658 Ohlmannus
526 1607 594 1656 non
620 1588 731 1656 solum
755 1589 876 1655 librum
897 1587 919 1655 l.
944 1588 1004 1655 sed
1028 1589 1127 1656 etiarn
1152 1588 1225 1656 eius
1249 1589 1459 1674 prooemium

182 1717 224 1766 ex
247 1696 428 1765 Hortensio
453 1699 603 1764 exortum
628 1713 705 1763 esse
727 1694 872 1781 collegit,
895 1698 1009 1762 tamen
1034 1696 1100 1763 hoc
1123 1695 1246 1781 ipsum,
1278 1697 1357 1781 quia
1384 1715 1462 1764 cunr

183 1805 345 1874 Cicerone
378 1823 448 1870 non
483 1802 697 1888 comparavit,
732 1802 815 1868 mihi
849 1802 1084 1888 inquirendum
1121 1807 1230 1871 restat.
1291 1803 1465 1888 Legimus,

183 1913 242 1979 ubi
266 1929 376 1979 sermo
400 1910 443 1977 de
465 1911 532 1976 vita
550 1911 653 1976 'beata
676 1909 828 1976 nondum
853 1909 980 1977 institui
1004 1910 1124 1994 coepit,
1150 1928 1178 1977 c.
1198 1910 1286 1977 Ac.l
1311 1911 1342 1977 l:
1376 1908 1464 1988 ,Sed

185 2019 345 2105 quoniam
375 2018 419 2084 ita
447 2019 676 2102 comparatum
706 2019 767 2096 est,
796 2016 867 2084 sive
896 2035 957 2102 pro
986 2017 1110 2084 meritis
1138 2017 1271 2097 nostris,
1300 2018 1371 2085 sive
1401 2035 1466 2103 pro

184 2125 428 2192 necessitate
443 2127 622 2203 naturae,
641 2126 676 2190 ut
691 2122 842 2190 divinum
860 2124 1009 2190 animuin
1026 2124 1221 2191 mortalibus
1235 2124 1463 2192 inhaerentem

184 2249 399 2319 nequaquam
431 2231 615 2317 sapientiae
650 2233 766 2316 portus
801 2230 949 2316 accipiat,
987 2231 1045 2298 ubi
1080 2249 1192 2316 neque
1226 2231 1467 2299 adversante

184 2340 368 2407 fortunae
402 2338 516 2417 llatu,
553 2355 665 2423 neque
696 2337 948 2404 secundante
981 2342 1164 2418 moveatur,
1200 2337 1265 2405 nisi
1296 2356 1338 2405 eo
1369 2338 1463 2405 illurn

185 2447 344 2514 fortuna
368 2445 493 2529 ipsa..
511 2495 518 2511 .
537 2497 545 2512 .
567 2444 740 2531 perducat:
775 2443 859 2511 nihil
875 2462 937 2530 pro
952 2447 986 2510 te
1002 2445 1103 2511 nobis
1125 2444 1215 2511 aliud
1233 2463 1349 2531 quam
1372 2449 1467 2512 vota

186 2555 337 2621 restant“
388 2552 481 2619 Haec
502 2551 604 2620 verba
628 2551 811 2619 doctrinam
836 2551 1049 2618 christianam
1070 2551 1219 2619 redolere
1238 2551 1295 2618 vix
1311 2557 1467 2638 possunt,

187 2660 349 2746 quoniam
372 2658 582 2743 Augustinus
610 2659 693 2725 haec
711 2675 811 2725 -anno
835 2657 902 2724 iere
925 2657 1002 2738 380,
1026 2658 1129 2743 paulo
1153 2661 1230 2726 ante
1252 2659 1469 2745 baptismam,

186 2766 327 2851 scripsit.
367 2764 492 2833 Conier
508 2782 636 2851 quaeso
652 2765 790 2839 Retract.
807 2764 818 2831 l
838 2765 871 2831 l:
899 2763 1005 2841 ,Cum
1029 2782 1084 2832 me
1107 2764 1149 2832 ad
1166 2766 1364 2834 christianae
1379 2767 1465 2834 vitae

186 2874 293 2940 otium
329 2873 557 2952 contulissem,
592 2871 745 2939 nondum
781 2872 979 2956 baptizatus,
1014 2875 1129 2939 contra
1163 2871 1469 2944 Academicos

188 2981 332 3069 primum
368 2979 519 3064 scripsit¹
566 2978 680 3046 immo·
699 2977 800 3045 velini
830 2977 989 3064 inspicias
1011 2977 1110 3046 Tusc.
1131 2978 1211 3046 V2:
1251 2978 1330 3058 ,Sin
1354 2983 1466 3048 autem

187 3087 290 3155 virtus
306 3086 457 3154 subiecta
468 3087 532 3154 sub
547 3087 657 3154 varios
670 3086 881 3171 incertosque
895 3104 992 3154 casus
1004 3086 1130 3153 lamula
1144 3087 1327 3155 fortunae
1343 3091 1472 3155 estnec

187 3197 353 3261 tantarum
374 3194 494 3259 virium
511 3195 572 3273 est,
596 3196 632 3259 ut
647 3210 684 3260 se
700 3194 775 3278 ipsa
790 3195 929 3274 tueatur,
953 3211 1078 3274 vereor,
1103 3212 1146 3261 ne
1169 3211 1239 3260 non
1256 3196 1323 3260 tam
1338 3195 1470 3261 virtutis

188 3301 309 3368 fiducia
332 3299 506 3367 nitendum
524 3299 625 3366 nobis
641 3300 682 3365 ad
701 3318 797 3385 spem
814 3300 910 3367 beate
926 3299 1061 3366 vivendi
1078 3318 1193 3386 quam
1209 3303 1301 3368 vota
1316 3301 1469 3368 iacienda

190 3407 393 3474 videantur.“
447 3406 619 3473 Tullianae
654 3407 754 3491 igitur
781 3406 966 3474 sententiae
994 3407 1094 3475 nobis
1123 3407 1213 3493 apud
1240 3407 1468 3494 Augustinum

190 3518 376 3594 occurrunt,
401 3531 512 3598 neque
534 3531 614 3581 vero
638 3532 679 3580 ex
701 3513 785 3599 ipsis
808 3513 906 3581 Tusc.
931 3513 1215 3598 disputationibus
1244 3533 1283 3581 ea
1312 3533 1472 3582 manasse

191 3621 274 3687 mihi
295 3620 458 3688 videniur.
505 3619 556 3687 Ad
591 3639 660 3688 rem
695 3614 814 3688 certius
849 3620 1097 3688 diiudicandam
1133 3621 1235 3688 aliero
1267 3620 1335 3689 Oh.
1366 3621 1471 3689 1119:

195 3728 375 3813 „Magnam
398 3728 467 3794 viru
502 3745 578 3795 esse
613 3727 647 3793 in
683 3727 842 3794 fortuna
876 3728 911 3793 in
945 3731 1121 3813 utramque
1152 3730 1290 3814 partem,
1321 3729 1375 3795 vel
1410 3747 1472 3795 se·

192 3835 342 3902 cundas
379 3835 422 3901 ad
462 3853 513 3902 res
551 3835 604 3902 vel
643 3835 843 3916 adversas,
883 3835 958 3921 quis
996 3835 1148 3922 ignorat?
1187 3854 1265 3902 nam
1304 3837 1347 3914 et,
1393 3853 1472 3902 cum

193 3959 355 4027 prospero
379 3941 477 4009 flatu
506 3941 587 4009 eius
622 3943 754 4021 utimur,
790 3942 833 4010 ad
868 3943 976 4010 exitus
1012 3942 1225 4028 pervehimur
1259 3945 1393 4026 optatos
1429 3945 1474 4022 et,

196 4066 272 4114 cum
297 4048 432 4127 reflavit,
457 4048 667 4134 affligimur.“
705 4048 795 4134 Ergo
820 4050 874 4116 hic
897 4067 1035 4136 quoque
1058 4049 1139 4116 mira
1165 4048 1332 4134 quaedam
1358 4049 1475 4115 simili·

194 4153 278 4220 tudo
302 4154 539 4222 sententiarum
564 4156 874 4240 vocabulorumque
898 4175 973 4223 cum
1005 4157 1107 4223 altero
1139 4157 1202 4223 sub
1233 4155 1350 4223 oculos
1373 4156 1472 4236 cadit,

195 4278 272 4328 curn
297 4261 338 4326 ab
364 4265 507 4347 utroque
527 4262 581 4328 vis
606 4262 757 4330 fortunae
781 4265 814 4329 et
837 4262 1005 4330 secundae
1029 4266 1061 4330 et
1084 4263 1244 4331 adversae
1270 4266 1474 4330 monstretur

189 4372 303 4452 'eaque
326 4366 425 4435 ilatus
448 4368 650 4436 nominetur.
693 4368 806 4455 ltaque
828 4369 1038 4454 Augustinus
1062 4371 1135 4436 sine
1159 4370 1264 4437 dubio
1281 4388 1351 4437 non
1375 4388 1472 4436 suam

195 4473 303 4560 ipsius
333 4473 394 4540 sed
424 4475 537 4560 polius
568 4474 739 4543 Ciceronis
770 4476 969 4543 sententiam
1001 4476 1132 4562 proteri.
1178 4475 1268 4543 Num
1303 4477 1475 4544 existimas

196 4598 273 4648 eum
302 4597 344 4647 eir
370 4580 505 4649 duobus
536 4582 635 4649 huius
663 4582 755 4650 libris
779 4583 962 4650 sententias
986 4581 1161 4669 indagatas
1186 4584 1220 4649 in
1244 4601 1349 4650 unum
1373 4599 1477 4650 cone»

286 4814 310 4880 1)
329 4827 392 4884 pag.
411 4812 464 4868 299
482 4813 544 4868 adn.
566 4813 589 4869 i.
