3544 5320
764 465 943 531 -1·9.;

207 675 325 768 inde
316 695 351 742 m
365 649 565 743 conviviis
582 666 695 760 multa
709 674 847 741 huma·
880 675 1105 742 convictum
1125 672 1301 741 hommum
1314 690 1354 742 ac
1370 645 1494 742 socie·

210 761 325 849 nitatis
342 782 567 866 condimenta,
573 781 685 848 inde
675 781 826 867 rpsaele·
880 783 1014 860 tatem,
1072 776 1409 868 animadvertensque
1458 775 1493 849 ih
1582 775 1597 801 '²'

206 889 338 976 gantia,
363 884 460 969 nitor,
478 879 700 998 mundissima
723 888 825 1002 iacies
868 888 1073 955 omnibus
1101 888 1233 968 rebus,
1267 900 1351 973 quas
1382 892 1496 974 ageret
1588 888 1590 894 '

211 1014 340 1106 rerum
365 995 591 1104 omnium..
857 997 938 1062 aut
961 989 1125 1078 diceret1),
1154 998 1190 1062 ut
1212 995 1361 1082 nequid
1385 996 1428 1063 ab
1452 1016 1493 1065 eo

749 1095 752 1100 ’
819 1129 821 1134 ·
875 1079 980 1169 fieret
1003 1102 1069 1168 nisi
1100 1099 1240 1169 honeste
1268 1122 1311 1170 ac
1338 1091 1493 1185 decore,

778 1206 780 1212 '
882 1204 1171 1298 hisinitiiset..
1188 1203 1495 1278 .seminibusa

882 1317 998 1382 natura
1014 1293 1145 1384 datis„
1160 1316 1314 1384 ,omnis
1335 1318 1494 1385 honestas

791 1437 793 1440 ·
883 1422 1025 1508 perfecte
1047 1423 1203 1490 absoluta
1226 1425 1294 1491 est.¹
1360 1453 1395 1472 ν

215 1543 217 1548 ’
276 1541 402 1614 ‘Talia
430 1547 596 1614 sufficiant
628 1547 671 1614 ad
706 1543 928 1638 evincendum
964 1547 1007 1615 ab
1024 1545 1221 1633 'Augustino
1257 1549 1310 1615 his
1345 1549 1494 1634 partibus
1563 1560 1586 1630 ᾖ

210 1655 318 1721 ‘verbo
342 1648 442 1721 tenus
458 1649 656 1722 Ciceronem
681 1672 755 1740 esse
779 1647 990 1741 exscriptum.
1029 1653 1100 1744 Qui
1123 1651 1244 1722 eodem
1269 1655 1345 1722 loco
1367 1673 1408 1722 ex
1431 1655 1495 1723 illis

215 1758 442 1844 „seminibus
459 1764 615 1846 quattuor
629 1761 764 1828 virtutes
779 1761 873 1847 gigni
890 1751 1166 1829 narrat'similiter
1181 1764 1282 1848 atque
1298 1753 1495 1849 ont-152).

211 1868 419 1954 intellegitur
442 1886 523 1954 ergo
548 1863 788 1953 explicationes
810 1865 883 1935 libri
907 1866 928 1934 1.
953 1867 996 1935 de
1019 1868 1195 1936 virtutibus
1219 1886 1295 1935 cum
1319 1868 1393 1936 libri
1416 1869 1450 1936 11.
1475 1871 1496 1936 6

208 1975 381 2042 [artissime
405 1976 592 2042 cohaerere.
639 1975 728 2042 Idem
754 1974 867 2060 colligi
895 1973 1006 2060 potest
1033 1993 1074 2042 ex
1098 1975 1172 2042 Fin.
1197 1975 1221 2042 ll
1245 1975 1298 2042 51:
1337 1975 1495 2052 „Istorum

209 2083 307 2149 enim
331 2079 509 2150 verborum
533 2101 689 2178 amore.
708 2133 752 2161 ..,
778 2083 973 2168 sapientiae,
997 2081 1210 2163 fortitudinis,
1234 2082 1389 2162 iustitiae,
1413 2086 1496 2149 tem·

210 2189 473 2274 perantiae...
493 2187 648 2256 homines
677 2207 714 2257 se
742 2188 785 2256 ad
813 2188 1051 2275 philosophiae
1079 2188 1227 2256 studium
1251 2189 1495 2257 contulerunt&

213 2296 331 2382 ltaque
344 2297 556 2383 prooemium
572 2296 646 2363 libri
658 2295 692 2363 Il.
709 2314 778 2363 non
792 2297 901 2362 solum
916 2312 992 2362 cum
1006 2295 1182 2381 prooemio
1195 2295 1268 2363 libri
1283 2296 1305 2363 l.
1319 2296 1380 2363 sed
1396 2297 1495 2363 etiam

210 2421 293 2470 cum
306 2406 377 2471 toto
390 2403 476 2471 libro
489 2406 555 2470 arte
569 2403 844 2489 coniungendum
858 2405 918 2470 est.
945 2401 1049 2469 Porro
1062 2402 1116 2469 hic
1128 2420 1266 2488 quoque
1279 2402 1496 2470 Hortensium

213 2507 293 2577 'esse
317 2509 442 2577 fontem
472 2509 567 2576 facile
599 2527 857 2595 cognoscemus.
904 2507 1007 2590 Quod
1041 2512 1179 2596 apparet
1211 2509 1496 2591 exTusc.ll13,

214 2617 278 2702 -qut
301 2618 396 2684 locus
413 2617 549 2684 easdem
566 2617 748 2683 sententias
764 2619 864 2702 atque
877 2615 914 2682 c.
932 2612 989 2683 Ac.
1006 2615 1030 2683 ΙΙ
1046 2617 1067 2682 6
1091 2617 1314 2701 amplectitur:
1341 2616 1497 2695 „Cultura

219 2728 331 2791 autem
349 2724 451 2791 animi
472 2723 688 2809 philosophia
705 2715 770 2802 est;
795 2724 877 2790 haec
893 2723 1032 2790 extrahit
1047 2722 1145 2789 vitia
1168 2722 1324 2791 radicitus
1347 2726 1381 2791 et
1404 2743 1497 2810 prae-

113 2839 115 2844 '
214 2834 313 2918 parat
336 2831 467 2897 animos
485 2830 527 2897 ad
551 2833 661 2896 satus
678 2829 893 2915 accipiendos
913 2848 1021 2916 eaque
1037 2829 1175 2897 mandat
1197 2830 1239 2898 iis
1255 2833 1287 2898 et
1305 2883 1312 2898 .
1330 2882 1338 2897 .
1356 2882 1363 2898 .
1389 2831 1498 2911 serit,

212 2941 307 3024 s'quae
331 2937 444 3005 adulta
467 2937 591 3004 fructus
615 2937 800 3004 uberrimos
824 2937 959 3004 ferant.“
1002 2937 1077 3005 Hoc
1092 2939 1177 3004 vero
1196 2937 1271 3005 loco
1295 2937 1398 3022 paulo
1420 2941 1497 3005 ante

212 3047 334 3112 contra
364 3027 615 3129 philosophiam
644 3043 734 3111 idem
763 3047 996 3130 argumentum
1029 3045 1193 3131 prolatum
1223 3063 1297 3113 esse
1326 3048 1427 3131 atque
1455 3045 1496 3112 ab

213 3148 446 3237 'Hortensio³),
482 3150 515 3216 id
555 3153 606 3218 est
645 3150 812 3237 quosdam
848 3151 1073 3237 philosophos
1103 3151 1239 3239 turpiter
1274 3152 1394 3231 vivere,
1431 3150 1498 3218 iam
1562 3199 1563 3202 ,

218 3254 434 3343 Plasbergius
457 3257 731 3345 animadvertit4).
1375 3287 1377 3292 ·

308 3381 541 3468 Adiungamus
586 3381 758 3448 Hortensii
806 3381 1029 3467 fragmentum
1067 3383 1109 3451 32
1145 3384 1245 3467 (Lact.
1272 3384 1346 3451 inst.
1369 3383 1404 3450 Ill
1428 3384 1498 3471 16):

213 3488 310 3569 „Ubi
335 3477 415 3574 ergo
444 3488 535 3573 apud
566 3488 771 3574 antiquiores
799 3488 894 3555 latuit
921 3507 1016 3556 amor
1044 3491 1106 3557 iste
1135 3490 1388 3576 investigandae
1416 3490 1499 3557 veri·

211 3596 338 3662 ·tatis?“
394 3595 483 3681 Ergo
517 3595 612 3662 vides
647 3595 682 3662 in
717 3595 782 3662 hoc
816 3595 953 3681 dialogo
988 3595 1064 3682 ipso
1099 3614 1237 3682 quoque
1272 3596 1396 3664 amoris
1430 3597 1498 3664 veri

213 3702 403 3786 ouaerendi
428 3702 633 3769 mentionem
657 3702 777 3768 factam
802 3721 888 3782 esse,
918 3721 1018 3788 quem
1034 3702 1245 3789 Augustinus
1267 3706 1335 3770 tam
1360 3703 1499 3788 copiose

222 3809 403 3877 illustravit.
456 3808 499 3877 Αι
525 3827 566 3877 ex
593 3809 703 3876 verbis
732 3809 834 3888 „iste
863 3815 976 3876 amor“
1006 3809 1246 3877 concludamus
1275 3828 1414 3878 necesse
1449 3814 1499 3877 est

221 3917 353 3983 hunc
344 3935 410 3983 ram
446 3919 543 3984 antea
578 3935 597 3982 a
633 3914 838 3983 Cicerone
830 3935 863 3982 m
899 3916 1018 3983 eodem
1057 3915 1141 3983 libro
1177 3916 1378 4002 explicatum
1414 3935 1497 3985 esse.

221 4022 313 4091 Haec
335 4022 439 4090 fuisse
462 4041 488 4089 c.
505 4020 562 4089 hc.
579 4022 603 4089 ll
627 4041 676 4102 ea,
701 4040 884 4106 quaecum
908 4022 1047 4090 servatis
1062 4022 1159 4090 Tullii
1183 4019 1274 4090 libris
1298 4041 1498 4141 permagnos

212 4129 455 4197 similitudines
478 4131 650 4214 praebent,
674 4130 804 4215 optimo
833 4130 902 4195 iure
927 4130 1087 4215 suspicor.

310 4343 333 4410 1)
353 4340 386 4396 cf.
405 4357 467 4414 pag.
489 4341 521 4397 17
541 4342 598 4414 Leg
616 4341 626 4397 1
645 4342 668 4396 l:
692 4341 842 4408 ,...etin
860 4343 917 4396 vita
935 4343 1007 4396 etin
1025 4343 1225 4398 oratione...·

309 4430 332 4500 ²)
351 4430 384 4487 cf.
402 4446 464 4503 pag.
480 4431 525 4496 18;
539 4433 690 4501 sequuntur
702 4431 812 4486 ibidem.
835 4429 905 4496 „Sed
917 4444 1008 4496 omne,
1021 4428 1096 4500 quod
1109 4434 1152 4487 est
1164 4432 1320 4496 honestum,
1334 4431 1362 4486 id
1374 4433 1500 4502 quattuor

222 4521 337 4591 partium
356 4523 440 4577 oritur
457 4535 492 4576 ex
509 4521 622 4591 aliqua.“
663 4521 769 4575 Deinde
787 4519 935 4575 afferuntur
952 4519 1012 4574 illae
1030 4521 1144 4576 virtutes
1163 4521 1332 4592 principales,
1351 4535 1404 4590 qua
1423 4523 1450 4574 in
1469 4534 1499 4575 re

222 4610 340 4667 maxime
364 4611 407 4666 est
433 4611 574 4666 mentione
598 4610 719 4682 dignum,
748 4610 823 4680 quod
851 4611 955 4665 tertiam
978 4611 1100 4664 nominat
1127 4609 1343 4682 magnitudinem
1362 4611 1444 4665 animi
1467 4623 1499 4664 ac

215 4698 332 4764 robur,
352 4713 422 4768 quae
440 4714 496 4754 vox
513 4699 586 4771 apud
604 4699 787 4771 augustinum
806 4713 917 4769 quoque
935 4699 1072 4754 invenitur
1090 4698 1276 4768 (c.llc.120).

310 4788 333 4858 3)
352 4787 492 4861 Plasberg.
511 4787 583 4846 Diss.
603 4803 666 4860 pag.
684 4787 720 4844 50
738 4803 793 4858 sq..

310 4875 334 4948 ⁴)
353 4877 390 4933 ld.
409 4893 472 4949 pag.
486 4875 529 4934 54.
