<?xml version="1.0" encoding="UTF-8"?>
<!DOCTYPE html PUBLIC "-//W3C//DTD XHTML 1.0 Transitional//EN"
    "http://www.w3.org/TR/xhtml1/DTD/xhtml1-transitional.dtd">
<html xmlns="http://www.w3.org/1999/xhtml" xml:lang="en" lang="en">
 <head>
  <title>
</title>
<meta http-equiv="Content-Type" content="text/html;charset=utf-8" />
  <meta name='ocr-system' content='tesseract 3.04.00' />
  <meta name='ocr-capabilities' content='ocr_page ocr_carea ocr_par ocr_line ocrx_word'/>
</head>
<body>
  <div class='ocr_page' id='page_1' title='image "./deaugustinicont00drewgoog_0086.png"; bbox 0 0 3544 5320; ppageno 0'>
   <div class='ocr_carea' id='block_1_1' title="bbox 764 385 943 445">
    <p class='ocr_par' dir='ltr' id='par_1_1' title="bbox 764 385 943 445">
     <span class='ocr_line' id='line_1_1' title="bbox 764 385 943 445; baseline 0 -19"><span class='ocrx_word' id='word_1_1' title='bbox 764 385 943 445; x_wconf 65' lang='lat' dir='ltr'>„ffl-</span> 
     </span>
    </p>
   </div>
   <div class='ocr_carea' id='block_1_2' title="bbox 214 588 1499 2708">
    <p class='ocr_par' dir='ltr' id='par_1_2' title="bbox 214 588 1499 2476">
     <span class='ocr_line' id='line_1_2' title="bbox 216 588 1498 678; baseline 0 -20"><span class='ocrx_word' id='word_1_2' title='bbox 216 593 400 660; x_wconf 88' lang='lat' dir='ltr'>accuratius</span> <span class='ocrx_word' id='word_1_3' title='bbox 423 595 611 674; x_wconf 71' lang='lat' dir='ltr'>tractantur,</span> <span class='ocrx_word' id='word_1_4' title='bbox 635 591 903 678; x_wconf 87' lang='lat' dir='ltr'>cognoverimus,</span> <span class='ocrx_word' id='word_1_5' title='bbox 929 590 972 674; x_wconf 55' lang='grc' dir='ltr'>ἕξ</span> <span class='ocrx_word' id='word_1_6' title='bbox 990 591 1025 656; x_wconf 95' lang='lat' dir='ltr'>ll</span> <span class='ocrx_word' id='word_1_7' title='bbox 1053 594 1086 658; x_wconf 92' lang='lat' dir='ltr'>et</span> <span class='ocrx_word' id='word_1_8' title='bbox 1112 589 1152 658; x_wconf 84' lang='lat'>13</span> <span class='ocrx_word' id='word_1_9' title='bbox 1175 589 1261 657; x_wconf 94' lang='lat' dir='ltr'>libro</span> <span class='ocrx_word' id='word_1_10' title='bbox 1282 589 1318 657; x_wconf 95' lang='lat' dir='ltr'>ll.</span> <span class='ocrx_word' id='word_1_11' title='bbox 1342 588 1498 658; x_wconf 90' lang='lat' dir='ltr'>Tulliano</span> 
     </span>
     <span class='ocr_line' id='line_1_3' title="bbox 216 694 1497 767; baseline -0.001 -2"><span class='ocrx_word' id='word_1_12' title='bbox 216 698 410 767; x_wconf 89' lang='lat' dir='ltr'>tribuendas</span> <span class='ocrx_word' id='word_1_13' title='bbox 433 717 510 767; x_wconf 90' lang='lat' dir='ltr'>esse</span> <span class='ocrx_word' id='word_1_14' title='bbox 534 717 603 766; x_wconf 95' lang='lat' dir='ltr'>non</span> <span class='ocrx_word' id='word_1_15' title='bbox 626 702 751 767; x_wconf 89' lang='lat' dir='ltr'>temere</span> <span class='ocrx_word' id='word_1_16' title='bbox 781 698 864 765; x_wconf 91' lang='lat' dir='ltr'>mihi</span> <span class='ocrx_word' id='word_1_17' title='bbox 891 697 1092 766; x_wconf 84' lang='lat' dir='ltr'>concludere</span> <span class='ocrx_word' id='word_1_18' title='bbox 1115 697 1240 764; x_wconf 90' lang='lat' dir='ltr'>videor.</span> <span class='ocrx_word' id='word_1_19' title='bbox 1286 694 1358 764; x_wconf 86' lang='lat' dir='ltr'>Tali</span> <span class='ocrx_word' id='word_1_20' title='bbox 1393 696 1497 765; x_wconf 90' lang='lat' dir='ltr'>modo</span> 
     </span>
     <span class='ocr_line' id='line_1_4' title="bbox 215 803 1499 894; baseline -0.002 -20"><span class='ocrx_word' id='word_1_21' title='bbox 215 805 395 894; x_wconf 75' lang='lat' dir='ltr'><strong>Augustini</strong></span> <span class='ocrx_word' id='word_1_22' title='bbox 419 806 658 892; x_wconf 85' lang='lat' dir='ltr'>explicationes</span> <span class='ocrx_word' id='word_1_23' title='bbox 692 809 779 874; x_wconf 91' lang='lat' dir='ltr'>recte</span> <span class='ocrx_word' id='word_1_24' title='bbox 802 805 962 892; x_wconf 92' lang='lat' dir='ltr'>componi</span> <span class='ocrx_word' id='word_1_25' title='bbox 991 823 1033 872; x_wconf 88' lang='lat' dir='ltr'>ex</span> <span class='ocrx_word' id='word_1_26' title='bbox 1056 823 1107 885; x_wconf 90' lang='lat' dir='ltr'>e0,</span> <span class='ocrx_word' id='word_1_27' title='bbox 1137 803 1230 889; x_wconf 86' lang='lat' dir='ltr'>qnod</span> <span class='ocrx_word' id='word_1_28' title='bbox 1253 803 1430 891; x_wconf 89' lang='lat' dir='ltr'>imagines,</span> <span class='ocrx_word' id='word_1_29' title='bbox 1454 803 1499 872; x_wconf 92' lang='lat' dir='ltr'>de</span> 
     </span>
     <span class='ocr_line' id='line_1_5' title="bbox 218 910 1499 999; baseline -0.001 -20"><span class='ocrx_word' id='word_1_30' title='bbox 218 914 342 999; x_wconf 84' lang='lat' dir='ltr'>quibus</span> <span class='ocrx_word' id='word_1_31' title='bbox 376 913 411 980; x_wconf 91' lang='lat' dir='ltr'>in</span> <span class='ocrx_word' id='word_1_32' title='bbox 439 914 461 998; x_wconf 63' lang='grc' dir='ltr'><strong>ς</strong></span> <span class='ocrx_word' id='word_1_33' title='bbox 484 912 524 980; x_wconf 87' lang='grc'>13</span> <span class='ocrx_word' id='word_1_34' title='bbox 549 913 667 999; x_wconf 90' lang='lat' dir='ltr'>agitur,</span> <span class='ocrx_word' id='word_1_35' title='bbox 698 912 733 979; x_wconf 93' lang='lat' dir='ltr'>in</span> <span class='ocrx_word' id='word_1_36' title='bbox 756 913 778 997; x_wconf 65' lang='grc' dir='ltr'><strong>ς</strong></span> <span class='ocrx_word' id='word_1_37' title='bbox 799 911 843 978; x_wconf 89' lang='grc'>40</span> <span class='ocrx_word' id='word_1_38' title='bbox 871 929 1009 996; x_wconf 87' lang='lat' dir='ltr'>quoque</span> <span class='ocrx_word' id='word_1_39' title='bbox 1037 914 1350 993; x_wconf 84' lang='lat' dir='ltr'>commemorantur,</span> <span class='ocrx_word' id='word_1_40' title='bbox 1385 910 1499 979; x_wconf 91' lang='lat' dir='ltr'>videre</span> 
     </span>
     <span class='ocr_line' id='line_1_6' title="bbox 217 1017 1498 1104; baseline -0.002 -18"><span class='ocrx_word' id='word_1_41' title='bbox 217 1021 301 1088; x_wconf 90' lang='lat' dir='ltr'>licet.</span> <span class='ocrx_word' id='word_1_42' title='bbox 347 1019 473 1088; x_wconf 81' lang='lat' dir='ltr'>Ibidem</span> <span class='ocrx_word' id='word_1_43' title='bbox 509 1019 599 1086; x_wconf 92' lang='lat' dir='ltr'>enim</span> <span class='ocrx_word' id='word_1_44' title='bbox 635 1019 669 1085; x_wconf 93' lang='lat' dir='ltr'>in</span> <span class='ocrx_word' id='word_1_45' title='bbox 701 1018 903 1104; x_wconf 91' lang='lat' dir='ltr'>explicando</span> <span class='ocrx_word' id='word_1_46' title='bbox 932 1018 1001 1085; x_wconf 91' lang='lat' dir='ltr'>veri</span> <span class='ocrx_word' id='word_1_47' title='bbox 1033 1017 1133 1085; x_wconf 87' lang='lat' dir='ltr'>simili</span> <span class='ocrx_word' id='word_1_48' title='bbox 1157 1018 1316 1104; x_wconf 88' lang='lat' dir='ltr'>legimus:</span> <span class='ocrx_word' id='word_1_49' title='bbox 1355 1017 1498 1095; x_wconf 82' lang='lat' dir='ltr'>„Probat</span> 
     </span>
     <span class='ocr_line' id='line_1_7' title="bbox 216 1124 1496 1212; baseline -0.002 -19"><span class='ocrx_word' id='word_1_50' title='bbox 216 1127 305 1193; x_wconf 92' lang='lat' dir='ltr'>enim</span> <span class='ocrx_word' id='word_1_51' title='bbox 336 1129 423 1194; x_wconf 90' lang='lat' dir='ltr'>bene</span> <span class='ocrx_word' id='word_1_52' title='bbox 451 1126 688 1212; x_wconf 85' lang='lat' dir='ltr'>imaginem,</span> <span class='ocrx_word' id='word_1_53' title='bbox 723 1125 878 1211; x_wconf 88' lang='lat' dir='ltr'>quisquis</span> <span class='ocrx_word' id='word_1_54' title='bbox 913 1125 986 1192; x_wconf 90' lang='lat' dir='ltr'>eius</span> <span class='ocrx_word' id='word_1_55' title='bbox 1017 1125 1162 1192; x_wconf 89' lang='lat' dir='ltr'>intuetur</span> <span class='ocrx_word' id='word_1_56' title='bbox 1189 1126 1413 1210; x_wconf 68' lang='lat' dir='ltr'>exemplum.</span> <span class='ocrx_word' id='word_1_57' title='bbox 1460 1124 1496 1191; x_wconf 94' lang='lat' dir='ltr'>ln</span> 
     </span>
     <span class='ocr_line' id='line_1_8' title="bbox 217 1230 1498 1318; baseline -0.003 -18"><span class='ocrx_word' id='word_1_58' title='bbox 217 1233 388 1300; x_wconf 85' lang='lat' dir='ltr'>mentione</span> <span class='ocrx_word' id='word_1_59' title='bbox 426 1235 538 1301; x_wconf 88' lang='lat' dir='ltr'>autem</span> <span class='ocrx_word' id='word_1_60' title='bbox 577 1233 765 1318; x_wconf 86' lang='lat' dir='ltr'>imaginum</span> <span class='ocrx_word' id='word_1_61' title='bbox 804 1232 970 1300; x_wconf 77' lang='lat' dir='ltr'>fallacium</span> <span class='ocrx_word' id='word_1_62' title='bbox 1013 1232 1152 1301; x_wconf 88' lang='lat' dir='ltr'>tortasse</span> <span class='ocrx_word' id='word_1_63' title='bbox 1187 1231 1347 1300; x_wconf 90' lang='lat' dir='ltr'>idoneum</span> <span class='ocrx_word' id='word_1_64' title='bbox 1382 1230 1498 1299; x_wconf 92' lang='lat' dir='ltr'>locum</span> 
     </span>
     <span class='ocr_line' id='line_1_9' title="bbox 216 1335 1497 1424; baseline -0.002 -17"><span class='ocrx_word' id='word_1_65' title='bbox 216 1340 437 1420; x_wconf 88' lang='lat' dir='ltr'>inveniamus,</span> <span class='ocrx_word' id='word_1_66' title='bbox 462 1357 531 1424; x_wconf 90' lang='lat' dir='ltr'>quo</span> <span class='ocrx_word' id='word_1_67' title='bbox 555 1342 587 1408; x_wconf 91' lang='lat' dir='ltr'>et</span> <span class='ocrx_word' id='word_1_68' title='bbox 610 1339 644 1406; x_wconf 91' lang='lat' dir='ltr'>in</span> <span class='ocrx_word' id='word_1_69' title='bbox 671 1338 830 1416; x_wconf 85' lang='lat' dir='ltr'>,Catulo“</span> <span class='ocrx_word' id='word_1_70' title='bbox 857 1342 890 1407; x_wconf 91' lang='lat' dir='ltr'>et</span> <span class='ocrx_word' id='word_1_71' title='bbox 913 1339 947 1406; x_wconf 93' lang='lat' dir='ltr'>in</span> <span class='ocrx_word' id='word_1_72' title='bbox 971 1338 1024 1406; x_wconf 91' lang='lat' dir='ltr'>ed.</span> <span class='ocrx_word' id='word_1_73' title='bbox 1041 1341 1128 1424; x_wconf 88' lang='lat' dir='ltr'>post.</span> <span class='ocrx_word' id='word_1_74' title='bbox 1146 1337 1231 1406; x_wconf 89' lang='lat' dir='ltr'>libro</span> <span class='ocrx_word' id='word_1_75' title='bbox 1247 1335 1287 1405; x_wconf 90' lang='lat' dir='ltr'>ll.</span> <span class='ocrx_word' id='word_1_76' title='bbox 1302 1341 1369 1406; x_wconf 89' lang='lat' dir='ltr'>tarn</span> <span class='ocrx_word' id='word_1_77' title='bbox 1392 1337 1497 1405; x_wconf 89' lang='lat' dir='ltr'>multa</span> 
     </span>
     <span class='ocr_line' id='line_1_10' title="bbox 216 1442 1498 1532; baseline -0.003 -17"><span class='ocrx_word' id='word_1_78' title='bbox 216 1449 330 1515; x_wconf 88' lang='lat' dir='ltr'>contra</span> <span class='ocrx_word' id='word_1_79' title='bbox 354 1464 475 1514; x_wconf 90' lang='lat' dir='ltr'>sensus</span> <span class='ocrx_word' id='word_1_80' title='bbox 503 1464 579 1515; x_wconf 89' lang='lat' dir='ltr'>esse</span> <span class='ocrx_word' id='word_1_81' title='bbox 606 1445 694 1514; x_wconf 90' lang='lat' dir='ltr'>dicta</span> <span class='ocrx_word' id='word_1_82' title='bbox 729 1445 847 1514; x_wconf 89' lang='lat' dir='ltr'>Cicero</span> <span class='ocrx_word' id='word_1_83' title='bbox 883 1447 957 1532; x_wconf 92' lang='lat' dir='ltr'>ipse</span> <span class='ocrx_word' id='word_1_84' title='bbox 990 1445 1049 1512; x_wconf 93' lang='lat' dir='ltr'>Ac.</span> <span class='ocrx_word' id='word_1_85' title='bbox 1072 1443 1102 1511; x_wconf 91' lang='grc' dir='ltr'>Π</span> <span class='ocrx_word' id='word_1_86' title='bbox 1125 1445 1167 1512; x_wconf 85' lang='grc'>79</span> <span class='ocrx_word' id='word_1_87' title='bbox 1200 1447 1234 1512; x_wconf 90' lang='lat' dir='ltr'>et</span> <span class='ocrx_word' id='word_1_88' title='bbox 1266 1445 1453 1531; x_wconf 83' lang='lat' dir='ltr'>fragmenta</span> <span class='ocrx_word' id='word_1_89' title='bbox 1477 1442 1498 1510; x_wconf 87' lang='lat' dir='ltr'>a</span> 
     </span>
     <span class='ocr_line' id='line_1_11' title="bbox 216 1551 1496 1638; baseline -0.003 -17"><span class='ocrx_word' id='word_1_90' title='bbox 216 1553 330 1622; x_wconf 92' lang='lat' dir='ltr'>Nonio</span> <span class='ocrx_word' id='word_1_91' title='bbox 354 1557 482 1621; x_wconf 88' lang='lat' dir='ltr'>servata</span> <span class='ocrx_word' id='word_1_92' title='bbox 504 1556 676 1621; x_wconf 86' lang='lat' dir='ltr'>testantur.</span> <span class='ocrx_word' id='word_1_93' title='bbox 711 1552 855 1634; x_wconf 89' lang='lat' dir='ltr'>Deinde,</span> <span class='ocrx_word' id='word_1_94' title='bbox 880 1552 973 1638; x_wconf 90' lang='lat' dir='ltr'>quod</span> <span class='ocrx_word' id='word_1_95' title='bbox 989 1551 1107 1620; x_wconf 90' lang='lat' dir='ltr'>Cicero</span> <span class='ocrx_word' id='word_1_96' title='bbox 1129 1552 1171 1620; x_wconf 90' lang='lat' dir='ltr'>de</span> <span class='ocrx_word' id='word_1_97' title='bbox 1188 1551 1309 1620; x_wconf 88' lang='lat' dir='ltr'>Catulo</span> <span class='ocrx_word' id='word_1_98' title='bbox 1332 1552 1417 1619; x_wconf 92' lang='lat' dir='ltr'>libro</span> <span class='ocrx_word' id='word_1_99' title='bbox 1440 1568 1496 1618; x_wconf 91' lang='lat' dir='ltr'>eo·</span> 
     </span>
     <span class='ocr_line' id='line_1_12' title="bbox 216 1658 1497 1746; baseline -0.002 -18"><span class='ocrx_word' id='word_1_100' title='bbox 216 1661 294 1729; x_wconf 91' lang='lat' dir='ltr'>dem</span> <span class='ocrx_word' id='word_1_101' title='bbox 317 1662 393 1730; x_wconf 92' lang='lat' dir='ltr'>loco</span> <span class='ocrx_word' id='word_1_102' title='bbox 417 1661 512 1729; x_wconf 86' lang='lat' dir='ltr'>dixit:</span> <span class='ocrx_word' id='word_1_103' title='bbox 540 1678 647 1746; x_wconf 86' lang='lat' dir='ltr'>,qnos</span> <span class='ocrx_word' id='word_1_104' title='bbox 670 1667 728 1741; x_wconf 86' lang='lat' dir='ltr'>(sc.</span> <span class='ocrx_word' id='word_1_105' title='bbox 746 1661 880 1743; x_wconf 87' lang='lat' dir='ltr'>sensus)</span> <span class='ocrx_word' id='word_1_106' title='bbox 902 1663 949 1739; x_wconf 91' lang='lat' dir='ltr'>tu,</span> <span class='ocrx_word' id='word_1_107' title='bbox 973 1660 1120 1740; x_wconf 89' lang='lat' dir='ltr'>Luculle,</span> <span class='ocrx_word' id='word_1_108' title='bbox 1144 1659 1316 1727; x_wconf 93' lang='lat' dir='ltr'>communi</span> <span class='ocrx_word' id='word_1_109' title='bbox 1340 1658 1416 1726; x_wconf 92' lang='lat' dir='ltr'>loco</span> <span class='ocrx_word' id='word_1_110' title='bbox 1440 1658 1497 1725; x_wconf 92' lang='lat' dir='ltr'>de-</span> 
     </span>
     <span class='ocr_line' id='line_1_13' title="bbox 215 1765 1497 1854; baseline -0.002 -19"><span class='ocrx_word' id='word_1_111' title='bbox 215 1768 341 1850; x_wconf 86' lang='lat' dir='ltr'>iendis;</span> <span class='ocrx_word' id='word_1_112' title='bbox 375 1768 469 1854; x_wconf 82' lang='lat' dir='ltr'>quod</span> <span class='ocrx_word' id='word_1_113' title='bbox 492 1785 535 1835; x_wconf 93' lang='lat' dir='ltr'>ne</span> <span class='ocrx_word' id='word_1_114' title='bbox 559 1768 602 1835; x_wconf 87' lang='lat' dir='ltr'>ita</span> <span class='ocrx_word' id='word_1_115' title='bbox 625 1767 733 1835; x_wconf 86' lang='lat' dir='ltr'>lacere</span> <span class='ocrx_word' id='word_1_116' title='bbox 761 1784 890 1853; x_wconf 87' lang='lat' dir='ltr'>posses,</span> <span class='ocrx_word' id='word_1_117' title='bbox 915 1767 1038 1834; x_wconf 92' lang='lat' dir='ltr'>idcirco</span> <span class='ocrx_word' id='word_1_118' title='bbox 1062 1767 1131 1834; x_wconf 90' lang='lat' dir='ltr'>beri</span> <span class='ocrx_word' id='word_1_119' title='bbox 1155 1785 1234 1833; x_wconf 95' lang='lat' dir='ltr'>non</span> <span class='ocrx_word' id='word_1_120' title='bbox 1263 1765 1497 1833; x_wconf 90' lang='lat' dir='ltr'>necessario</span> 
     </span>
     <span class='ocr_line' id='line_1_14' title="bbox 217 1871 1496 1957; baseline -0.003 -15"><span class='ocrx_word' id='word_1_121' title='bbox 217 1875 306 1943; x_wconf 94' lang='lat' dir='ltr'>loco</span> <span class='ocrx_word' id='word_1_122' title='bbox 329 1878 442 1943; x_wconf 88' lang='lat' dir='ltr'>contra</span> <span class='ocrx_word' id='word_1_123' title='bbox 465 1891 587 1943; x_wconf 90' lang='lat' dir='ltr'>sensus</span> <span class='ocrx_word' id='word_1_124' title='bbox 610 1878 678 1942; x_wconf 90' lang='lat' dir='ltr'>tam</span> <span class='ocrx_word' id='word_1_125' title='bbox 703 1876 808 1942; x_wconf 91' lang='lat' dir='ltr'>multa</span> <span class='ocrx_word' id='word_1_126' title='bbox 831 1873 1009 1955; x_wconf 79' lang='lat' dir='ltr'>dixeram,“</span> <span class='ocrx_word' id='word_1_127' title='bbox 1036 1892 1126 1941; x_wconf 94' lang='lat' dir='ltr'>nunc</span> <span class='ocrx_word' id='word_1_128' title='bbox 1154 1873 1290 1940; x_wconf 90' lang='lat' dir='ltr'>demum</span> <span class='ocrx_word' id='word_1_129' title='bbox 1315 1871 1414 1957; x_wconf 94' lang='lat' dir='ltr'>plane</span> <span class='ocrx_word' id='word_1_130' title='bbox 1447 1873 1496 1938; x_wconf 92' lang='lat' dir='ltr'>in·</span> 
     </span>
     <span class='ocr_line' id='line_1_15' title="bbox 215 1977 1497 2068; baseline -0.003 -19"><span class='ocrx_word' id='word_1_131' title='bbox 215 1983 423 2068; x_wconf 90' lang='lat' dir='ltr'>tellegemus.</span> <span class='ocrx_word' id='word_1_132' title='bbox 475 1981 543 2048; x_wconf 91' lang='lat' dir='ltr'>lam</span> <span class='ocrx_word' id='word_1_133' title='bbox 578 1999 680 2067; x_wconf 91' lang='lat' dir='ltr'>supra</span> <span class='ocrx_word' id='word_1_134' title='bbox 715 1981 749 2048; x_wconf 91' lang='lat' dir='ltr'>id</span> <span class='ocrx_word' id='word_1_135' title='bbox 780 1980 989 2061; x_wconf 87' lang='lat' dir='ltr'>Ciceronem,</span> <span class='ocrx_word' id='word_1_136' title='bbox 1025 1981 1053 2048; x_wconf 89' lang='lat' dir='ltr'>si</span> <span class='ocrx_word' id='word_1_137' title='bbox 1078 1983 1175 2048; x_wconf 90' lang='lat' dir='ltr'>antea</span> <span class='ocrx_word' id='word_1_138' title='bbox 1200 1980 1234 2047; x_wconf 94' lang='lat' dir='ltr'>in</span> <span class='ocrx_word' id='word_1_139' title='bbox 1262 1977 1421 2058; x_wconf 84' lang='lat' dir='ltr'>,Catulo“</span> <span class='ocrx_word' id='word_1_140' title='bbox 1453 1979 1497 2045; x_wconf 90' lang='lat' dir='ltr'>ab</span> 
     </span>
     <span class='ocr_line' id='line_1_16' title="bbox 215 2085 1496 2176; baseline -0.004 -20"><span class='ocrx_word' id='word_1_141' title='bbox 215 2088 405 2156; x_wconf 90' lang='lat' dir='ltr'>adversario</span> <span class='ocrx_word' id='word_1_142' title='bbox 428 2089 580 2176; x_wconf 90' lang='lat' dir='ltr'>graviora</span> <span class='ocrx_word' id='word_1_143' title='bbox 605 2107 666 2175; x_wconf 94' lang='lat' dir='ltr'>pro</span> <span class='ocrx_word' id='word_1_144' title='bbox 682 2105 843 2156; x_wconf 90' lang='lat' dir='ltr'>sensuum</span> <span class='ocrx_word' id='word_1_145' title='bbox 859 2088 995 2155; x_wconf 88' lang='lat' dir='ltr'>veritate</span> <span class='ocrx_word' id='word_1_146' title='bbox 1010 2089 1138 2173; x_wconf 92' lang='lat' dir='ltr'>prolata</span> <span class='ocrx_word' id='word_1_147' title='bbox 1154 2089 1278 2166; x_wconf 86' lang='lat' dir='ltr'>essent,</span> <span class='ocrx_word' id='word_1_148' title='bbox 1295 2085 1496 2171; x_wconf 71' lang='lat' dir='ltr'>‘pronuntia-</span> 
     </span>
     <span class='ocr_line' id='line_1_17' title="bbox 214 2193 1497 2282; baseline -0.003 -20"><span class='ocrx_word' id='word_1_149' title='bbox 214 2199 324 2263; x_wconf 90' lang='lat' dir='ltr'>turum</span> <span class='ocrx_word' id='word_1_150' title='bbox 348 2195 452 2264; x_wconf 87' lang='lat' dir='ltr'>tuisse</span> <span class='ocrx_word' id='word_1_151' title='bbox 475 2196 653 2282; x_wconf 84' lang='lat' dir='ltr'>negabam.</span> <span class='ocrx_word' id='word_1_152' title='bbox 701 2195 871 2262; x_wconf 87' lang='lat' dir='ltr'>Praeterea</span> <span class='ocrx_word' id='word_1_153' title='bbox 887 2193 1006 2263; x_wconf 91' lang='lat' dir='ltr'>Cicero</span> <span class='ocrx_word' id='word_1_154' title='bbox 1030 2211 1198 2262; x_wconf 91' lang='lat' dir='ltr'>summam</span> <span class='ocrx_word' id='word_1_155' title='bbox 1215 2193 1315 2260; x_wconf 88' lang='lat' dir='ltr'>huius</span> <span class='ocrx_word' id='word_1_156' title='bbox 1331 2193 1407 2260; x_wconf 89' lang='lat' dir='ltr'>libri</span> <span class='ocrx_word' id='word_1_157' title='bbox 1430 2193 1497 2258; x_wconf 92' lang='lat' dir='ltr'>dis·</span> 
     </span>
     <span class='ocr_line' id='line_1_18' title="bbox 216 2299 1497 2389; baseline -0.005 -19"><span class='ocrx_word' id='word_1_158' title='bbox 216 2303 398 2389; x_wconf 88' lang='lat' dir='ltr'>putationis</span> <span class='ocrx_word' id='word_1_159' title='bbox 422 2302 512 2369; x_wconf 87' lang='lat' dir='ltr'>haud</span> <span class='ocrx_word' id='word_1_160' title='bbox 535 2303 581 2368; x_wconf 90' lang='lat' dir='ltr'>ita</span> <span class='ocrx_word' id='word_1_161' title='bbox 604 2319 680 2368; x_wconf 89' lang='lat' dir='ltr'>curn</span> <span class='ocrx_word' id='word_1_162' title='bbox 711 2302 835 2369; x_wconf 92' lang='lat' dir='ltr'>talibus</span> <span class='ocrx_word' id='word_1_163' title='bbox 869 2302 1151 2386; x_wconf 86' lang='lat' dir='ltr'>explicationibus</span> <span class='ocrx_word' id='word_1_164' title='bbox 1186 2300 1380 2368; x_wconf 89' lang='lat' dir='ltr'>cohaesisse</span> <span class='ocrx_word' id='word_1_165' title='bbox 1415 2299 1497 2366; x_wconf 89' lang='lat' dir='ltr'>mihi</span> 
     </span>
     <span class='ocr_line' id='line_1_19' title="bbox 215 2408 559 2476; baseline -0.009 0"><span class='ocrx_word' id='word_1_166' title='bbox 215 2408 345 2476; x_wconf 89' lang='lat' dir='ltr'>videtur</span> <span class='ocrx_word' id='word_1_167' title='bbox 367 2412 559 2476; x_wconf 89' lang='lat' dir='ltr'>monstrare.</span> 
     </span>
    </p>

    <p class='ocr_par' dir='ltr' id='par_1_3' title="bbox 216 2513 1497 2708">
     <span class='ocr_line' id='line_1_20' title="bbox 304 2513 1496 2600; baseline -0.001 -19"><span class='ocrx_word' id='word_1_168' title='bbox 304 2515 476 2598; x_wconf 91' lang='lat' dir='ltr'>Quoniam</span> <span class='ocrx_word' id='word_1_169' title='bbox 493 2519 622 2583; x_wconf 88' lang='lat' dir='ltr'>constat</span> <span class='ocrx_word' id='word_1_170' title='bbox 639 2516 672 2583; x_wconf 91' lang='lat' dir='ltr'>in</span> <span class='ocrx_word' id='word_1_171' title='bbox 689 2516 774 2584; x_wconf 91' lang='lat' dir='ltr'>libro</span> <span class='ocrx_word' id='word_1_172' title='bbox 787 2515 820 2582; x_wconf 95' lang='lat' dir='ltr'>ll.</span> <span class='ocrx_word' id='word_1_173' title='bbox 834 2514 889 2583; x_wconf 95' lang='lat' dir='ltr'>Ac.</span> <span class='ocrx_word' id='word_1_174' title='bbox 905 2519 992 2600; x_wconf 86' lang='lat' dir='ltr'>post.</span> <span class='ocrx_word' id='word_1_175' title='bbox 1005 2514 1281 2583; x_wconf 80' lang='lat' dir='ltr'>Academicorum</span> <span class='ocrx_word' id='word_1_176' title='bbox 1298 2513 1496 2582; x_wconf 86' lang='lat' dir='ltr'>sententiam</span> 
     </span>
     <span class='ocr_line' id='line_1_21' title="bbox 216 2620 1497 2708; baseline -0.002 -19"><span class='ocrx_word' id='word_1_177' title='bbox 216 2622 388 2691; x_wconf 78' lang='lat' dir='ltr'>defensam</span> <span class='ocrx_word' id='word_1_178' title='bbox 412 2640 488 2691; x_wconf 90' lang='lat' dir='ltr'>esse</span> <span class='ocrx_word' id='word_1_179' title='bbox 511 2641 564 2702; x_wconf 91' lang='lat' dir='ltr'>eo,</span> <span class='ocrx_word' id='word_1_180' title='bbox 588 2622 682 2706; x_wconf 84' lang='lat' dir='ltr'>quod</span> <span class='ocrx_word' id='word_1_181' title='bbox 697 2622 797 2690; x_wconf 87' lang='lat' dir='ltr'>talem</span> <span class='ocrx_word' id='word_1_182' title='bbox 812 2624 1011 2708; x_wconf 90' lang='lat' dir='ltr'>sapientem,</span> <span class='ocrx_word' id='word_1_183' title='bbox 1036 2623 1093 2706; x_wconf 86' lang='lat' dir='ltr'>qui</span> <span class='ocrx_word' id='word_1_184' title='bbox 1109 2621 1279 2690; x_wconf 87' lang='lat' dir='ltr'>veritatem</span> <span class='ocrx_word' id='word_1_185' title='bbox 1304 2620 1497 2706; x_wconf 88' lang='lat' dir='ltr'>perciperet,</span> 
     </span>
    </p>
   </div>
   <div class='ocr_carea' id='block_1_3' title="bbox 215 2726 1515 3029">
    <p class='ocr_par' dir='ltr' id='par_1_4' title="bbox 215 2726 1515 3029">
     <span class='ocr_line' id='line_1_22' title="bbox 215 2726 1515 2826; baseline -0.002 -31"><span class='ocrx_word' id='word_1_186' title='bbox 215 2730 249 2796; x_wconf 94' lang='lat' dir='ltr'>in</span> <span class='ocrx_word' id='word_1_187' title='bbox 273 2730 489 2798; x_wconf 88' lang='lat' dir='ltr'>boemundo</span> <span class='ocrx_word' id='word_1_188' title='bbox 514 2748 617 2816; x_wconf 86' lang='lat' dir='ltr'>posse</span> <span class='ocrx_word' id='word_1_189' title='bbox 646 2730 786 2797; x_wconf 89' lang='lat' dir='ltr'>inveniri</span> <span class='ocrx_word' id='word_1_190' title='bbox 813 2730 1009 2816; x_wconf 89' lang='lat' dir='ltr'>negabatur,</span> <span class='ocrx_word' id='word_1_191' title='bbox 1044 2729 1087 2796; x_wconf 93' lang='lat' dir='ltr'>de</span> <span class='ocrx_word' id='word_1_192' title='bbox 1109 2727 1288 2814; x_wconf 76' lang='lat' dir='ltr'>Augustini</span> <span class='ocrx_word' id='word_1_193' title='bbox 1311 2727 1355 2811; x_wconf 54' lang='grc' dir='ltr'>ᾗῇ</span> <span class='ocrx_word' id='word_1_194' title='bbox 1376 2726 1398 2793; x_wconf 92' lang='grc'>5</span> <span class='ocrx_word' id='word_1_195' title='bbox 1422 2744 1515 2826; x_wconf 60' lang='grc' dir='ltr'>δρα.Ι</span> 
     </span>
     <span class='ocr_line' id='line_1_23' title="bbox 215 2834 1498 2920; baseline -0.002 -17"><span class='ocrx_word' id='word_1_196' title='bbox 215 2836 288 2904; x_wconf 90' lang='lat' dir='ltr'>libri</span> <span class='ocrx_word' id='word_1_197' title='bbox 305 2836 352 2905; x_wconf 92' lang='lat' dir='ltr'>lll.</span> <span class='ocrx_word' id='word_1_198' title='bbox 369 2837 552 2904; x_wconf 91' lang='lat' dir='ltr'>certissima</span> <span class='ocrx_word' id='word_1_199' title='bbox 568 2837 742 2905; x_wconf 89' lang='lat' dir='ltr'>conclusio</span> <span class='ocrx_word' id='word_1_200' title='bbox 758 2839 868 2904; x_wconf 89' lang='lat' dir='ltr'>restat.</span> <span class='ocrx_word' id='word_1_201' title='bbox 915 2836 1072 2920; x_wconf 83' lang='lat' dir='ltr'>Sequitur</span> <span class='ocrx_word' id='word_1_202' title='bbox 1088 2836 1178 2902; x_wconf 90' lang='lat' dir='ltr'>enim</span> <span class='ocrx_word' id='word_1_203' title='bbox 1195 2834 1383 2902; x_wconf 89' lang='lat' dir='ltr'>necessario</span> <span class='ocrx_word' id='word_1_204' title='bbox 1400 2838 1498 2900; x_wconf 89' lang='lat' dir='ltr'>antea</span> 
     </span>
     <span class='ocr_line' id='line_1_24' title="bbox 215 2941 1496 3029; baseline -0.003 -19"><span class='ocrx_word' id='word_1_205' title='bbox 215 2943 347 3012; x_wconf 94' lang='lat' dir='ltr'>illorum</span> <span class='ocrx_word' id='word_1_206' title='bbox 387 2947 576 3029; x_wconf 92' lang='lat' dir='ltr'>patronum,</span> <span class='ocrx_word' id='word_1_207' title='bbox 613 2947 648 3011; x_wconf 89' lang='lat' dir='ltr'>ut</span> <span class='ocrx_word' id='word_1_208' title='bbox 670 2945 856 3028; x_wconf 87' lang='lat' dir='ltr'>sapientem</span> <span class='ocrx_word' id='word_1_209' title='bbox 892 2944 975 3011; x_wconf 91' lang='lat' dir='ltr'>scire</span> <span class='ocrx_word' id='word_1_210' title='bbox 1003 2944 1173 3010; x_wconf 87' lang='lat' dir='ltr'>veritatem</span> <span class='ocrx_word' id='word_1_211' title='bbox 1209 2941 1418 3021; x_wconf 89' lang='lat' dir='ltr'>concederet,</span> <span class='ocrx_word' id='word_1_212' title='bbox 1453 2942 1496 3007; x_wconf 94' lang='lat' dir='ltr'>ab</span> 
     </span>
    </p>
   </div>
   <div class='ocr_carea' id='block_1_4' title="bbox 212 3049 1527 4630">
    <p class='ocr_par' dir='ltr' id='par_1_5' title="bbox 212 3049 1527 4630">
     <span class='ocr_line' id='line_1_25' title="bbox 215 3049 1496 3136; baseline -0.002 -20"><span class='ocrx_word' id='word_1_213' title='bbox 215 3049 403 3117; x_wconf 89' lang='lat' dir='ltr'>adversario</span> <span class='ocrx_word' id='word_1_214' title='bbox 420 3067 573 3135; x_wconf 90' lang='lat' dir='ltr'>pressum</span> <span class='ocrx_word' id='word_1_215' title='bbox 598 3068 684 3130; x_wconf 88' lang='lat' dir='ltr'>esse,</span> <span class='ocrx_word' id='word_1_216' title='bbox 709 3068 796 3133; x_wconf 82' lang='lat' dir='ltr'>quae</span> <span class='ocrx_word' id='word_1_217' title='bbox 820 3051 1066 3136; x_wconf 88' lang='lat' dir='ltr'>argumentatio</span> <span class='ocrx_word' id='word_1_218' title='bbox 1090 3050 1154 3117; x_wconf 91' lang='lat' dir='ltr'>illis</span> <span class='ocrx_word' id='word_1_219' title='bbox 1175 3049 1391 3136; x_wconf 88' lang='lat' dir='ltr'>paragraphis</span> <span class='ocrx_word' id='word_1_220' title='bbox 1416 3065 1496 3114; x_wconf 93' lang='lat' dir='ltr'>con·</span> 
     </span>
     <span class='ocr_line' id='line_1_26' title="bbox 213 3153 1496 3242; baseline -0.002 -20"><span class='ocrx_word' id='word_1_221' title='bbox 213 3156 344 3223; x_wconf 82' lang='lat' dir='ltr'>tinctor.</span> <span class='ocrx_word' id='word_1_222' title='bbox 391 3155 478 3224; x_wconf 91' lang='lat' dir='ltr'>Cum</span> <span class='ocrx_word' id='word_1_223' title='bbox 508 3160 619 3223; x_wconf 89' lang='lat' dir='ltr'>autem</span> <span class='ocrx_word' id='word_1_224' title='bbox 647 3158 691 3241; x_wconf 82' lang='lat'>§§</span> <span class='ocrx_word' id='word_1_225' title='bbox 712 3157 800 3224; x_wconf 84' lang='grc'>2-4</span> <span class='ocrx_word' id='word_1_226' title='bbox 824 3175 894 3225; x_wconf 94' lang='lat' dir='ltr'>non</span> <span class='ocrx_word' id='word_1_227' title='bbox 927 3174 1003 3224; x_wconf 89' lang='lat' dir='ltr'>esse</span> <span class='ocrx_word' id='word_1_228' title='bbox 1030 3155 1259 3242; x_wconf 90' lang='lat' dir='ltr'>seiungendas</span> <span class='ocrx_word' id='word_1_229' title='bbox 1282 3173 1301 3221; x_wconf 92' lang='lat' dir='ltr'>a</span> <span class='ocrx_word' id='word_1_230' title='bbox 1324 3153 1408 3239; x_wconf 85' lang='lat'>§§5</span> <span class='ocrx_word' id='word_1_231' title='bbox 1432 3171 1496 3238; x_wconf 82' lang='lat' dir='ltr'>sqq</span> 
     </span>
     <span class='ocr_line' id='line_1_27' title="bbox 214 3261 1496 3350; baseline -0.002 -21"><span class='ocrx_word' id='word_1_232' title='bbox 214 3263 385 3348; x_wconf 88' lang='lat' dir='ltr'>cognitum</span> <span class='ocrx_word' id='word_1_233' title='bbox 408 3263 494 3350; x_wconf 83' lang='lat' dir='ltr'>sit1),</span> <span class='ocrx_word' id='word_1_234' title='bbox 519 3264 619 3330; x_wconf 92' lang='lat' dir='ltr'>etiam</span> <span class='ocrx_word' id='word_1_235' title='bbox 644 3281 672 3330; x_wconf 90' lang='lat' dir='ltr'>c.</span> <span class='ocrx_word' id='word_1_236' title='bbox 689 3262 745 3331; x_wconf 94' lang='lat' dir='ltr'>Ac.</span> <span class='ocrx_word' id='word_1_237' title='bbox 763 3263 800 3331; x_wconf 97' lang='lat' dir='ltr'>lll</span> <span class='ocrx_word' id='word_1_238' title='bbox 824 3263 934 3331; x_wconf 81' lang='lat'><strong>2-13</strong></span> <span class='ocrx_word' id='word_1_239' title='bbox 958 3264 1043 3331; x_wconf 92' lang='lat' dir='ltr'>libro</span> <span class='ocrx_word' id='word_1_240' title='bbox 1066 3261 1104 3330; x_wconf 91' lang='lat' dir='ltr'>ll.</span> <span class='ocrx_word' id='word_1_241' title='bbox 1122 3261 1278 3331; x_wconf 89' lang='lat' dir='ltr'>editionis</span> <span class='ocrx_word' id='word_1_242' title='bbox 1302 3261 1496 3348; x_wconf 89' lang='lat' dir='ltr'>posterioris</span> 
     </span>
     <span class='ocr_line' id='line_1_28' title="bbox 214 3367 1497 3439; baseline -0.002 -3"><span class='ocrx_word' id='word_1_243' title='bbox 214 3370 390 3437; x_wconf 86' lang='lat' dir='ltr'>tribuam·</span> <span class='ocrx_word' id='word_1_244' title='bbox 417 3368 692 3437; x_wconf 85' lang='lat' dir='ltr'>Consentaneum</span> <span class='ocrx_word' id='word_1_245' title='bbox 716 3373 767 3438; x_wconf 92' lang='lat' dir='ltr'>est</span> <span class='ocrx_word' id='word_1_246' title='bbox 789 3371 907 3439; x_wconf 90' lang='lat' dir='ltr'>eadem</span> <span class='ocrx_word' id='word_1_247' title='bbox 932 3374 964 3438; x_wconf 90' lang='lat' dir='ltr'>et</span> <span class='ocrx_word' id='word_1_248' title='bbox 987 3369 1022 3436; x_wconf 90' lang='lat' dir='ltr'>in</span> <span class='ocrx_word' id='word_1_249' title='bbox 1039 3368 1160 3438; x_wconf 90' lang='lat' dir='ltr'>Catulo</span> <span class='ocrx_word' id='word_1_250' title='bbox 1177 3369 1303 3437; x_wconf 88' lang='lat' dir='ltr'>amisso</span> <span class='ocrx_word' id='word_1_251' title='bbox 1320 3367 1497 3436; x_wconf 86' lang='lat' dir='ltr'>exstitisse.</span> 
     </span>
     <span class='ocr_line' id='line_1_29' title="bbox 217 3473 1527 3563; baseline -0.001 -21"><span class='ocrx_word' id='word_1_252' title='bbox 217 3475 373 3545; x_wconf 85' lang='lat' dir='ltr'>Fortasse</span> <span class='ocrx_word' id='word_1_253' title='bbox 388 3494 468 3544; x_wconf 86' lang='lat' dir='ltr'>vero</span> <span class='ocrx_word' id='word_1_254' title='bbox 486 3477 540 3544; x_wconf 91' lang='lat' dir='ltr'>hic</span> <span class='ocrx_word' id='word_1_255' title='bbox 555 3477 724 3563; x_wconf 83' lang='lat' dir='ltr'>quispiam</span> <span class='ocrx_word' id='word_1_256' title='bbox 742 3478 815 3545; x_wconf 91' lang='lat' dir='ltr'>illas</span> <span class='ocrx_word' id='word_1_257' title='bbox 830 3479 874 3562; x_wconf 85' lang='lat'>§§</span> <span class='ocrx_word' id='word_1_258' title='bbox 893 3478 929 3545; x_wconf 97' lang='lat' dir='ltr'>ll</span> <span class='ocrx_word' id='word_1_259' title='bbox 949 3480 981 3546; x_wconf 88' lang='lat' dir='ltr'>et</span> <span class='ocrx_word' id='word_1_260' title='bbox 1000 3478 1039 3544; x_wconf 84' lang='lat'>12</span> <span class='ocrx_word' id='word_1_261' title='bbox 1056 3481 1177 3562; x_wconf 90' lang='lat' dir='ltr'>partes,</span> <span class='ocrx_word' id='word_1_262' title='bbox 1201 3494 1285 3561; x_wconf 89' lang='lat' dir='ltr'>quas</span> <span class='ocrx_word' id='word_1_263' title='bbox 1306 3493 1383 3543; x_wconf 88' lang='lat' dir='ltr'>cum</span> <span class='ocrx_word' id='word_1_264' title='bbox 1399 3474 1456 3543; x_wconf 93' lang='lat' dir='ltr'>Ac.</span> <span class='ocrx_word' id='word_1_265' title='bbox 1474 3473 1498 3541; x_wconf 96' lang='lat' dir='ltr'>ll</span> <span class='ocrx_word' id='word_1_266' title='bbox 1523 3519 1527 3526; x_wconf 83' lang='lat'><em>-</em></span> 
     </span>
     <span class='ocr_line' id='line_1_30' title="bbox 214 3583 1497 3673; baseline -0.002 -23"><span class='ocrx_word' id='word_1_267' title='bbox 214 3583 258 3650; x_wconf 82' lang='lat'>27</span> <span class='ocrx_word' id='word_1_268' title='bbox 285 3601 360 3669; x_wconf 83' lang='lat' dir='ltr'>sqq.</span> <span class='ocrx_word' id='word_1_269' title='bbox 396 3585 496 3668; x_wconf 91' lang='lat' dir='ltr'>plane</span> <span class='ocrx_word' id='word_1_270' title='bbox 519 3601 704 3670; x_wconf 88' lang='lat' dir='ltr'>congruere</span> <span class='ocrx_word' id='word_1_271' title='bbox 739 3583 874 3673; x_wconf 74' lang='lat' dir='ltr'>supra2)</span> <span class='ocrx_word' id='word_1_272' title='bbox 909 3585 1064 3665; x_wconf 92' lang='lat' dir='ltr'>vidimus,</span> <span class='ocrx_word' id='word_1_273' title='bbox 1103 3584 1254 3652; x_wconf 92' lang='lat' dir='ltr'>excludat</span> <span class='ocrx_word' id='word_1_274' title='bbox 1291 3600 1418 3666; x_wconf 81' lang='lat' dir='ltr'>easque</span> <span class='ocrx_word' id='word_1_275' title='bbox 1456 3599 1497 3648; x_wconf 91' lang='lat' dir='ltr'>ex</span> 
     </span>
     <span class='ocr_line' id='line_1_31' title="bbox 214 3689 1496 3779; baseline -0.002 -22"><span class='ocrx_word' id='word_1_276' title='bbox 214 3690 299 3757; x_wconf 90' lang='lat' dir='ltr'>libro</span> <span class='ocrx_word' id='word_1_277' title='bbox 312 3689 358 3757; x_wconf 91' lang='lat' dir='ltr'>lll.</span> <span class='ocrx_word' id='word_1_278' title='bbox 372 3707 447 3758; x_wconf 90' lang='lat' dir='ltr'>esse</span> <span class='ocrx_word' id='word_1_279' title='bbox 460 3693 612 3776; x_wconf 88' lang='lat' dir='ltr'>sumptas</span> <span class='ocrx_word' id='word_1_280' title='bbox 625 3694 728 3779; x_wconf 92' lang='lat' dir='ltr'>putet.</span> <span class='ocrx_word' id='word_1_281' title='bbox 752 3691 873 3778; x_wconf 87' lang='lat' dir='ltr'>Neque</span> <span class='ocrx_word' id='word_1_282' title='bbox 884 3695 997 3760; x_wconf 90' lang='lat' dir='ltr'>tamen</span> <span class='ocrx_word' id='word_1_283' title='bbox 1010 3692 1131 3771; x_wconf 91' lang='lat' dir='ltr'>habeo,</span> <span class='ocrx_word' id='word_1_284' title='bbox 1148 3709 1206 3758; x_wconf 91' lang='lat' dir='ltr'>cur</span> <span class='ocrx_word' id='word_1_285' title='bbox 1218 3691 1283 3758; x_wconf 89' lang='lat' dir='ltr'>hoc</span> <span class='ocrx_word' id='word_1_286' title='bbox 1295 3689 1496 3778; x_wconf 92' lang='lat' dir='ltr'>approbem;</span> 
     </span>
     <span class='ocr_line' id='line_1_32' title="bbox 215 3795 1498 3883; baseline -0.002 -20"><span class='ocrx_word' id='word_1_287' title='bbox 215 3801 392 3883; x_wconf 88' lang='lat' dir='ltr'>propterea</span> <span class='ocrx_word' id='word_1_288' title='bbox 431 3816 473 3865; x_wconf 87' lang='lat' dir='ltr'>ex</span> <span class='ocrx_word' id='word_1_289' title='bbox 510 3795 673 3866; x_wconf 80' lang='lat' dir='ltr'>Ac.1128</span> <span class='ocrx_word' id='word_1_290' title='bbox 701 3798 804 3867; x_wconf 82' lang='lat' dir='ltr'>allero</span> <span class='ocrx_word' id='word_1_291' title='bbox 836 3801 934 3866; x_wconf 87' lang='lat' dir='ltr'>haec:</span> <span class='ocrx_word' id='word_1_292' title='bbox 979 3797 1048 3876; x_wconf 86' lang='lat' dir='ltr'>,Ex</span> <span class='ocrx_word' id='word_1_293' title='bbox 1082 3799 1148 3866; x_wconf 89' lang='lat' dir='ltr'>boc</span> <span class='ocrx_word' id='word_1_294' title='bbox 1188 3796 1269 3864; x_wconf 91' lang='lat' dir='ltr'>illud</span> <span class='ocrx_word' id='word_1_295' title='bbox 1297 3799 1349 3864; x_wconf 92' lang='lat' dir='ltr'>est</span> <span class='ocrx_word' id='word_1_296' title='bbox 1370 3798 1498 3874; x_wconf 87' lang='lat' dir='ltr'>natum,</span> 
     </span>
     <span class='ocr_line' id='line_1_33' title="bbox 215 3903 1496 3993; baseline -0.002 -23"><span class='ocrx_word' id='word_1_297' title='bbox 215 3903 309 3987; x_wconf 84' lang='lat' dir='ltr'>quod</span> <span class='ocrx_word' id='word_1_298' title='bbox 345 3904 538 3990; x_wconf 90' lang='lat' dir='ltr'>postulabat</span> <span class='ocrx_word' id='word_1_299' title='bbox 566 3904 779 3986; x_wconf 89' lang='lat' dir='ltr'>Hortensius,</span> <span class='ocrx_word' id='word_1_300' title='bbox 815 3909 851 3974; x_wconf 88' lang='lat' dir='ltr'>ut</span> <span class='ocrx_word' id='word_1_301' title='bbox 886 3905 921 3972; x_wconf 92' lang='lat' dir='ltr'>id</span> <span class='ocrx_word' id='word_1_302' title='bbox 955 3906 1066 3993; x_wconf 91' lang='lat' dir='ltr'>ipsum</span> <span class='ocrx_word' id='word_1_303' title='bbox 1102 3904 1218 3972; x_wconf 90' lang='lat' dir='ltr'>saltem</span> <span class='ocrx_word' id='word_1_304' title='bbox 1252 3904 1445 3990; x_wconf 92' lang='lat' dir='ltr'>perceptum</span> <span class='ocrx_word' id='word_1_305' title='bbox 1476 3919 1496 3968; x_wconf 87' lang='lat' dir='ltr'>a</span> 
     </span>
     <span class='ocr_line' id='line_1_34' title="bbox 213 4003 1497 4100; baseline -0.001 -24"><span class='ocrx_word' id='word_1_306' title='bbox 213 4011 366 4095; x_wconf 90' lang='lat' dir='ltr'>sapiente</span> <span class='ocrx_word' id='word_1_307' title='bbox 390 4011 554 4092; x_wconf 88' lang='lat' dir='ltr'>diceretis,</span> <span class='ocrx_word' id='word_1_308' title='bbox 577 4003 660 4088; x_wconf 88' lang='lat' dir='ltr'>nihil</span> <span class='ocrx_word' id='word_1_309' title='bbox 684 4030 787 4098; x_wconf 89' lang='lat' dir='ltr'>posse</span> <span class='ocrx_word' id='word_1_310' title='bbox 811 4013 969 4100; x_wconf 81' lang='lat' dir='ltr'>percipi“.</span> <span class='ocrx_word' id='word_1_311' title='bbox 1017 4012 1107 4098; x_wconf 87' lang='lat' dir='ltr'>Ergo</span> <span class='ocrx_word' id='word_1_312' title='bbox 1130 4011 1200 4078; x_wconf 86' lang='lat' dir='ltr'>iam·</span> <span class='ocrx_word' id='word_1_313' title='bbox 1221 4012 1256 4077; x_wconf 92' lang='lat' dir='ltr'>in</span> <span class='ocrx_word' id='word_1_314' title='bbox 1273 4009 1394 4078; x_wconf 91' lang='lat' dir='ltr'>Catulo</span> <span class='ocrx_word' id='word_1_315' title='bbox 1410 4008 1497 4076; x_wconf 92' lang='lat' dir='ltr'>libro</span> 
     </span>
     <span class='ocr_line' id='line_1_35' title="bbox 213 4114 1498 4202; baseline -0.002 -19"><span class='ocrx_word' id='word_1_316' title='bbox 213 4116 257 4183; x_wconf 91' lang='lat' dir='ltr'>ab</span> <span class='ocrx_word' id='word_1_317' title='bbox 281 4117 472 4188; x_wconf 90' lang='lat' dir='ltr'>adversario</span> <span class='ocrx_word' id='word_1_318' title='bbox 495 4116 772 4187; x_wconf 80' lang='lat' dir='ltr'>Academicorum</span> <span class='ocrx_word' id='word_1_319' title='bbox 796 4120 997 4188; x_wconf 82' lang='lat' dir='ltr'>affirmatum</span> <span class='ocrx_word' id='word_1_320' title='bbox 1022 4123 1091 4186; x_wconf 90' lang='lat' dir='ltr'>erat</span> <span class='ocrx_word' id='word_1_321' title='bbox 1118 4118 1161 4186; x_wconf 90' lang='lat' dir='ltr'>de</span> <span class='ocrx_word' id='word_1_322' title='bbox 1185 4136 1254 4185; x_wconf 95' lang='lat' dir='ltr'>non</span> <span class='ocrx_word' id='word_1_323' title='bbox 1279 4114 1498 4202; x_wconf 90' lang='lat' dir='ltr'>percipiendo</span> 
     </span>
     <span class='ocr_line' id='line_1_36' title="bbox 213 4216 1498 4311; baseline -0.001 -22"><span class='ocrx_word' id='word_1_324' title='bbox 213 4223 330 4291; x_wconf 87' lang='lat' dir='ltr'>saltem</span> <span class='ocrx_word' id='word_1_325' title='bbox 359 4225 546 4310; x_wconf 88' lang='lat' dir='ltr'>sapientem</span> <span class='ocrx_word' id='word_1_326' title='bbox 575 4225 703 4311; x_wconf 87' lang='lat' dir='ltr'>aliquid</span> <span class='ocrx_word' id='word_1_327' title='bbox 732 4216 810 4294; x_wconf 90' lang='lat' dir='ltr'>certi</span> <span class='ocrx_word' id='word_1_328' title='bbox 839 4226 963 4294; x_wconf 90' lang='lat' dir='ltr'>habere</span> <span class='ocrx_word' id='word_1_329' title='bbox 986 4224 1239 4294; x_wconf 90' lang='lat' dir='ltr'>concedendurn</span> <span class='ocrx_word' id='word_1_330' title='bbox 1268 4240 1353 4291; x_wconf 91' lang='lat' dir='ltr'>esse.</span> <span class='ocrx_word' id='word_1_331' title='bbox 1400 4220 1498 4304; x_wconf 90' lang='lat' dir='ltr'>Quae</span> 
     </span>
     <span class='ocr_line' id='line_1_37' title="bbox 212 4329 1497 4411; baseline 0.002 -17"><span class='ocrx_word' id='word_1_332' title='bbox 212 4347 289 4395; x_wconf 90' lang='lat' dir='ltr'>curn</span> <span class='ocrx_word' id='word_1_333' title='bbox 315 4330 359 4396; x_wconf 93' lang='lat' dir='ltr'>ita</span> <span class='ocrx_word' id='word_1_334' title='bbox 383 4333 506 4411; x_wconf 91' lang='lat' dir='ltr'>essent,</span> <span class='ocrx_word' id='word_1_335' title='bbox 522 4391 524 4396; x_wconf 94' lang='lat'>.</span> <span class='ocrx_word' id='word_1_336' title='bbox 542 4329 740 4400; x_wconf 90' lang='lat' dir='ltr'>Ciceronem</span> <span class='ocrx_word' id='word_1_337' title='bbox 769 4333 822 4400; x_wconf 92' lang='lat' dir='ltr'>sui</span> <span class='ocrx_word' id='word_1_338' title='bbox 857 4332 1060 4401; x_wconf 82' lang='lat' dir='ltr'>defendendi</span> <span class='ocrx_word' id='word_1_339' title='bbox 1095 4349 1195 4401; x_wconf 90' lang='lat' dir='ltr'>causa</span> <span class='ocrx_word' id='word_1_340' title='bbox 1231 4330 1296 4397; x_wconf 89' lang='lat' dir='ltr'>illic</span> <span class='ocrx_word' id='word_1_341' title='bbox 1330 4329 1497 4397; x_wconf 86' lang='lat' dir='ltr'>declarare</span> 
     </span>
     <span class='ocr_line' id='line_1_38' title="bbox 214 4436 1497 4526; baseline 0.002 -25"><span class='ocrx_word' id='word_1_342' title='bbox 214 4454 352 4504; x_wconf 88' lang='lat' dir='ltr'>necesse</span> <span class='ocrx_word' id='word_1_343' title='bbox 375 4441 444 4505; x_wconf 90' lang='lat' dir='ltr'>erat</span> <span class='ocrx_word' id='word_1_344' title='bbox 458 4436 697 4506; x_wconf 88' lang='lat' dir='ltr'>Academicum</span> <span class='ocrx_word' id='word_1_345' title='bbox 714 4441 901 4526; x_wconf 88' lang='lat' dir='ltr'>sapientem</span> <span class='ocrx_word' id='word_1_346' title='bbox 918 4459 960 4507; x_wconf 93' lang='lat' dir='ltr'>ne</span> <span class='ocrx_word' id='word_1_347' title='bbox 977 4440 1019 4507; x_wconf 91' lang='lat' dir='ltr'>de</span> <span class='ocrx_word' id='word_1_348' title='bbox 1035 4437 1218 4506; x_wconf 91' lang='lat' dir='ltr'>nesciendo</span> <span class='ocrx_word' id='word_1_349' title='bbox 1242 4436 1380 4521; x_wconf 85' lang='lat' dir='ltr'>quidem</span> <span class='ocrx_word' id='word_1_350' title='bbox 1404 4437 1497 4521; x_wconf 88' lang='lat' dir='ltr'>quic-</span> 
     </span>
     <span class='ocr_line' id='line_1_39' title="bbox 214 4543 1496 4630; baseline 0.002 -22"><span class='ocrx_word' id='word_1_351' title='bbox 214 4559 315 4625; x_wconf 88' lang='lat' dir='ltr'>quam</span> <span class='ocrx_word' id='word_1_352' title='bbox 341 4543 418 4610; x_wconf 92' lang='lat' dir='ltr'>certi</span> <span class='ocrx_word' id='word_1_353' title='bbox 441 4544 534 4628; x_wconf 83' lang='lat' dir='ltr'>scire.</span> <span class='ocrx_word' id='word_1_354' title='bbox 580 4543 667 4612; x_wconf 83' lang='lat' dir='ltr'>&#39;lum</span> <span class='ocrx_word' id='word_1_355' title='bbox 693 4546 841 4627; x_wconf 89' lang='lat' dir='ltr'>demum,</span> <span class='ocrx_word' id='word_1_356' title='bbox 865 4565 941 4614; x_wconf 91' lang='lat' dir='ltr'>curn</span> <span class='ocrx_word' id='word_1_357' title='bbox 958 4565 1018 4614; x_wconf 92' lang='lat' dir='ltr'>eos</span> <span class='ocrx_word' id='word_1_358' title='bbox 1035 4545 1092 4612; x_wconf 94' lang='lat' dir='ltr'>tali</span> <span class='ocrx_word' id='word_1_359' title='bbox 1108 4544 1213 4611; x_wconf 93' lang='lat' dir='ltr'>modo</span> <span class='ocrx_word' id='word_1_360' title='bbox 1231 4562 1326 4611; x_wconf 92' lang='lat' dir='ltr'>suam</span> <span class='ocrx_word' id='word_1_361' title='bbox 1344 4545 1496 4630; x_wconf 90' lang='lat' dir='ltr'>ipsorum</span> 
     </span>
    </p>
   </div>
   <div class='ocr_carea' id='block_1_5' title="bbox 304 4701 521 4863">
    <p class='ocr_par' dir='ltr' id='par_1_6' title="bbox 304 4701 521 4863">
     <span class='ocr_line' id='line_1_40' title="bbox 304 4701 468 4773; baseline 0.012 -17"><span class='ocrx_word' id='word_1_362' title='bbox 304 4701 468 4773; x_wconf 49' lang='lat' dir='ltr'>Am&amp;</span> 
     </span>
     <span class='ocr_line' id='line_1_41' title="bbox 304 4787 521 4863; baseline 0.009 -17"><span class='ocrx_word' id='word_1_363' title='bbox 304 4787 521 4863; x_wconf 48' lang='lat' dir='ltr'>&amp;mmm</span> 
     </span>
    </p>
   </div>
   <div class='ocr_carea' id='block_1_6' title="bbox 0 0 1776 5320">
    <p class='ocr_par' dir='ltr' id='par_1_7' title="bbox 0 0 1776 5320">
     <span class='ocr_line' id='line_1_42' title="bbox 0 0 1776 5320; baseline 0 0"><span class='ocrx_word' id='word_1_364' title='bbox 0 0 1776 5320; x_wconf 95' lang='lat' dir='ltr'> </span> 
     </span>
    </p>
   </div>
  </div>
 </body>
</html>
