3544 5320
784 377 962 436 ..37-

228 586 382 671 rogaret,
420 583 538 664 credo,
565 583 669 670 =quod
709 602 772 652 nos
811 583 845 651 id
900 583 980 652 sine
1010 583 1269 652 adsensu...
1314 579 1392 650 Non
1420 579 1513 650 enim·

232 693 320 760 scire
357 708 574 778 negaremus,
619 691 845 759 diceremus
900 689 1008 758 lucem
1044 690 1213 775 eripimus,
1248 687 1309 756 sed
1338 705 1388 766 ea,
1424 703 1512 772 quae

227 802 347 866 tamen
371 798 416 865 ita
439 797 578 866 videri.
761 825 764 832 v
902 814 962 864 vos
1000 797 1156 883 ,percipi···
1180 793 1508 879 comprehendique*

900 903 1019 971 eadem
1044 922 1118 982 nos,
1144 903 1172 970 si
1196 898 1512 987 modo'probabilia

870 1011 875 1097 l
901 1011 978 1088 sint,
1000 1008 1126 1078 videri
1150 1009 1329 1075 dicimus.

323 1135 386 1203 Vel
421 1136 565 1203 maxime
600 1136 856 1204 memorandum
890 1152 965 1202 esse
1000 1137 1083 1220 puto
1115 1132 1293 1218 Augustini
1329 1129 1510 1198 elocutioni

235 1242 332 1319 ¹„sine
365 1243 562 1311 assensione
592 1246 704 1311 autem
735 1243 831 1310 dico¹¹
863 1241 1066 1326 respondere
1089 1239 1276 1306 Tullianam
1309 1237 1409 1315 ,dum
1438 1237 1512 1304 sine

229 1348 401 1416 adsensu¹⁴
433 1352 466 1416 et
495 1352 672 1436 utrumque
704 1351 863 1436 praebere
896 1350 1059 1425 ,dicimus
1090 1346 1211 1414 videris
1244 1349 1276 1412 et
1306 1344 1513 1424 „diceremus

234 1455 372 1524 videri“.
423 1455 555 1524 Deinde
589 1456 679 1522 haud
715 1457 807 1541 parvi
841 1457 1000 1542 ponderis
1034 1458 1122 1536 sunt,
1157 1472 1244 1539 quae
1279 1454 1368 1520 hunc
1401 1452 1513 1519 locum

227 1580 264 1630 -c.
280 1560 337 1629 Ac.
362 1561 386 1629 ll
409 1562 674 1648 assequuntur:
703 1562 823 1644 ,Talia
847 1565 956 1648 inquit
971 1563 1220 1642 Academicus,“
1248 1565 1308 1628 etc.
1332 1562 1424 1647 (pag.
1440 1558 1513 1645 36):

240 1668 341 1754 ,quid
376 1668 515 1755 putatis,
550 1670 704 1755 inquam,
739 1669 928 1750 Ciceronis,
962 1670 1058 1737 cuius
1093 1670 1177 1736 haec
1209 1671 1310 1736 verba
1342 1670 1420 1736 sunt
1441 1718 1449 1735 .
1470 1673 1513 1734 .“.

229 1880 410 1949 Ciceronis
430 1900 505 1950 esse
528 1884 710 1970 profitetur,
734 1888 872 1972 apparet
895 1886 984 1951 hunc
1000 1886 1121 1952 eodem
1145 1884 1220 1951 loco
1237 1881 1512 1950 Academicorum

237 1988 318 2057 illud
348 1989 522 2076 probabile
545 1993 660 2058 nescio
689 2009 758 2077 quo
781 1992 885 2060 modo
908 1992 1105 2078 explicasse.
1151 1991 1266 2076 ltaque
1288 1991 1420 2075 optimo
1444 1989 1514 2054 iure

237 2099 320 2180 puto
344 2097 498 2164 concludi
527 2099 626 2164 etiam
657 2099 750 2178 haec,
779 2117 866 2184 quae
894 2098 1106 2183 antecedunt,
1129 2097 1354 2184 Augustinum
1384 2098 1426 2163 ab
1455 2094 1513 2163 illo

228 2205 433 2289 sumpsisse.
460 2203 580 2290 Neque
595 2211 708 2273 tamen
723 2205 845 2273 librum
861 2205 895 2276 u
911 2204 969 2273 Ac.
986 2206 1112 2273 iontem
1128 2205 1232 2272 luisse
1248 2202 1513 2288 intellegendum

230 2312 298 2389 est,
322 2328 398 2378 cum
422 2311 504 2380 illud
527 2305 698 2380 Ciceronis
722 2313 945 2399 fragmentum
969 2313 1095 2380 ibidem
1119 2331 1189 2380 non
1212 2311 1407 2382 inveniatur.

241 2407 245 2416 “
326 2416 491 2498 Quamvis
520 2419 730 2505 Augustinus
765 2421 808 2488 ad
839 2419 1011 2489 Ciceronis
1040 2421 1143 2489 verba
1177 2419 1275 2488 allata
1301 2416 1412 2497 ,Talia
1430 2467 1438 2484 .
1457 2466 1465 2483 .
1483 2423 1510 2483 ‚¹⁴

230 2521 415 2592 addiderit:
446 2526 597 2603 ,Satisne
620 2527 838 2608 intellexistis,
863 2521 1038 2614 quomodo
1062 2526 1292 2605 mihiludicra
1316 2525 1372 2592 illa
1389 2576 1397 2592 .
1414 2574 1447 2596 ..
1472 2523 1514 2591 de

238 2631 395 2699 manibus
430 2635 570 2700 excussa
600 2635 688 2702 sint?
730 2635 793 2703 Hic
825 2654 901 2702 cum
930 2638 1033 2703 ambo
1066 2651 1103 2702 se
1138 2631 1340 2702 intellexisse
1375 2648 1515 2716 respon·

233 2733 390 2807 dissent.
408 2791 416 2807 .
433 2749 471 2820 .,“
498 2743 666 2809 licentius
689 2743 798 2828 pergit
821 2761 848 2810 c.
873 2741 930 2810 Ac.
954 2742 978 2809 lt
1001 2743 1055 2809 27:
1083 2793 1110 2819 ,.
1129 2793 1136 2808 .
1154 2741 1259 2810 .nihil
1282 2738 1363 2807 mihi
1386 2738 1517 2807 videtur

238 2863 314 2913 esse
341 2848 518 2918 absurdius
547 2868 648 2935 quam
667 2849 786 2917 dicere
814 2867 851 2916 se
874 2849 1053 2917 verisimile
1077 2833 1175 2933 sequi
1202 2831 1291 2927 eum,
1320 2847 1377 2932 qui
1399 2864 1514 2913 uerum

232 2952 322 3037 ·quid
345 2955 388 3022 sit
410 2955 558 3042 ignoret:
583 2955 745 3024 ...Nam
763 3007 771 3022 .
789 2975 877 3042 .ego
901 2957 1133 3041 interrogatus,
1158 2948 1266 3022 utrum
1284 2972 1324 3021 ex
1347 2953 1410 3020 ista
1431 2959 1515 3019 tem·

239 3062 330 3146 perie
351 3063 434 3129 caeli
456 3062 547 3130 nulla
570 3063 605 3130 in
628 3065 806 3130 crastinum
832 3063 942 3148 pluvia
961 3066 1109 3150 cogatur,
1133 3060 1325 3147 respondeo
1341 3077 1416 3128 esse
1431 3059 1514 3127 veri·

233 3159 445 3253 ,simile,'qui
469 3188 524 3237 me
547 3188 617 3236 non
640 3188 730 3256 nego
754 3188 857 3236 nosse
881 3169 1008 3254 aliquid
1032 3170 1111 3236 veri.
1156 3167 1244 3236 Nam
1268 3167 1339 3234 scio
1362 3167 1514 3234 arborem

239 3274 336 3342 istam
361 3275 464 3344 modo
481 3280 672 3362 argenteam
696 3276 767 3343 lieri
791 3294 860 3343 non
885 3263 1017 3361 posse.“
1057 3276 1121 3343 Ista
1136 3274 1326 3355 verorum,
1351 3292 1418 3359 qua
1432 3258 1515 3341 Aca·

231 3380 350 3449 demta
376 3383 582 3461 ,verisimili·
601 3384 767 3450 vocabulo
791 3386 1017 3469 oppugnatur,
1041 3383 1210 3468 expressis
1225 3381 1336 3450 verbis
1360 3381 1511 3447 omnium

230 3506 405 3557 ‚consensu
430 3507 491 3575 pro
507 3491 684 3558 verborum
705 3492 928 3558 controversia
952 3509 993 3558 ex
1009 3489 1235 3575 disputatione
1260 3488 1363 3555 modo
1379 3487 1513 3555 exclusa

238 3598 300 3662 est.
345 3594 413 3663 Sed
436 3597 621 3676 videamus,
645 3601 824 3683 quactum
849 3599 1046 3682 sequantur:
1069 3594 1119 3663 Tu
1136 3614 1225 3673 veru,
1242 3593 1444 3672 Carneades,
1461 3593 1514 3660 vel

229 3719 326 3788 quae
349 3703 413 3770 alia
437 3701 565 3771 Graeca
593 3705 708 3789 pestis,
731 3755 801 3783 ...,
825 3722 902 3770 cum
932 3707 965 3770 te
988 3704 1069 3769 nihil
1093 3705 1161 3770 veri
1186 3704 1268 3770 scire
1292 3701 1394 3780 dicas,
1423 3699 1513 3768 unde

239 3809 303 3875 boc
324 3811 392 3876 veri
417 3810 527 3878 simile
557 3809 730 3896 sequeris?
753 3849 796 3859 —
820 3811 861 3877 At
885 3811 974 3878 enim
998 3828 1124 3876 nomen
1149 3810 1178 3875 ei
1208 3827 1278 3875 non
1302 3809 1397 3894 potui
1422 3806 1513 3873 aliud

239 3914 422 4001 imponere.
446 3916 604 3999 -·Q'uid
628 3929 709 4003 ergo
733 3918 831 3985 nobis
855 3916 1095 4002 disputandum
1119 3921 1169 3983 est
1192 3934 1267 3982 cum
1292 3932 1344 3995 eo,
1369 3916 1427 4000 qui
1451 3930 1513 3981 nec

238 4021 331 4107 loqui
355 4025 505 4108 potesii¹⁴
547 4023 634 4091 Cum
658 4023 739 4091 illud
764 4024 874 4107 ipsum
898 4023 1040 4090 ottendit
1068 4027 1139 4089 turn
1163 4022 1327 4107 imprimis
1350 4019 1395 4102 id,
1420 4018 1512 4106 quod

237 4127 406 4198 Licentius
439 4134 508 4199 tarn
536 4131 751 4198 vehementer
779 4131 813 4198 in
842 4129 1048 4202 Carneadem
1085 4129 1250 4196 invehitur
1279 4129 1381 4212 idque
1411 4127 1513 4202 armis

229 4237 410 4317 obsoletis,
445 4237 542 4321 quasi
562 4255 641 4308 non
674 4238 806 4324 ignoret
831 4238 876 4320 ab
904 4255 946 4305 eo
978 4237 1055 4322 ipso
1082 4235 1261 4304 verisimile
1289 4233 1512 4303 introductum

229 4360 324 4409 esse.
363 4345 407 4410 At
429 4361 540 4429 neque
570 4345 644 4430 ipse
665 4343 885 4413 Academicos
908 4344 998 4430 legit,
1028 4347 1064 4411 ut
1085 4343 1261 4410 confitetur
1282 4359 1311 4410 c.
1334 4341 1392 4409 Ac.
1416 4338 1512 4410 1117:

240 4447 553 4536 ,Numquidquam
589 4450 698 4624 introi
732 4450 792 4537 (sc.
827 4451 1020 4537 licentius),
1060 4448 1354 4519 ...Academicos
1391 4446 1512 4533 legii“,

237 4573 348 4641 neque
372 4555 552 4642 quicquam
576 4556 619 4624 de
655 4575 687 4636 o,
705 4556 796 4643 quod
820 4556 863 4624 de
879 4555 1052 4624 Carneade
1076 4555 1166 4638 dixit,
1190 4557 1256 4623 hoc
1279 4553 1513 4641 progrediente

228 4679 392 4730 sermone
411 4662 546 4731 audivit.
584 4663 635 4731 Eo
659 4668 789 4732 tanturn
813 4662 917 4731 modo
931 4662 1108 4749 Augustini
1132 4662 1215 4730 ratio
1231 4661 1386 4748 explicari
1410 4678 1512 4747 posse

238 4769 319 4835 milri
347 4768 486 4850 videtur,
521 4774 556 4837 ut
590 4771 799 4856 suspicemur
833 4769 919 4838 hanc
946 4767 1129 4840 Carneadis
1158 4769 1435 4856 vituperationem
1471 4786 1513 4834 ex
