3544 5320
849 361 1026 420 „ffi-

387 569 453 643 Res
477 569 551 654 ipsa
573 568 672 636 docet
687 567 913 654 Augustinum
929 566 1055 634 ibidem
1077 583 1152 634 esse
1169 563 1341 633 Ciceronis
1366 564 1578 645 imitatorem,

299 693 375 744 cum
393 678 532 761 uterque
548 678 658 742 utatur
672 675 792 742 iisdem
808 674 876 741 iere
891 673 1012 741 verbis.
1036 672 1200 757 Imprimis
1212 689 1292 739 vero
1309 689 1576 738 commemoran-

302 783 383 850 dum
408 786 459 850 est
476 783 529 850 hic.
544 784 644 868 atque
661 781 727 849 illic
744 781 808 848 dici
823 779 1043 848 Academicos
1062 778 1266 856 ,invidia“
1285 777 1474 864 implicatos
1490 795 1580 859 esse,

300 908 376 958 cum
400 890 581 975 quicquam
605 887 843 973 comprehendi
868 904 971 973 posse
994 887 1219 973 negavissent.

388 1014 492 1081 Porro
515 1013 726 1100 Augustinus
754 1012 875 1097 pariter
897 1014 997 1098 atque
1020 1009 1137 1078 Cicero
1162 1010 1327 1079 existimat
1348 1008 1581 1089 Academicos,

301 1118 359 1207 qui
388 1138 426 1188 se
453 1119 619 1205 probabili
642 1137 662 1186 a
686 1119 802 1186 ceteris
826 1117 1043 1198 detenderint,
1079 1118 1266 1204 sapientem
1301 1116 1354 1184 vel
1390 1133 1441 1195 eo,
1483 1113 1576 1202 quod

300 1228 532 1295 assensionem
556 1226 743 1307 refrenaret,
766 1243 933 1293 summam
957 1225 1123 1292 actionem
1153 1226 1318 1292 ostentare
1341 1218 1582 1308 anirmasseb:

429 1370 457 1419 c.
473 1350 531 1418 Ac.
548 1350 573 1418 ll
601 1350 655 1417 12:
1105 1348 1163 1416 Ac.
1180 1348 1205 1416 11
1223 1349 1301 1416 108:

346 1474 521 1552 Quamvis
579 1477 612 1542 et
670 1475 778 1560 ipsam
879 1473 1362 1560 Egoenimetstmaximam
1380 1471 1578 1539 actionem

301 1582 612 1650 reirenationem
634 1585 667 1650 et
683 1582 780 1667 quasi
834 1583 918 1666 puto
939 1596 1127 1666 repugnare
1149 1580 1230 1647 visis
1248 1631 1254 1644 .
1270 1578 1459 1664 .credoque
1475 1576 1581 1646 Clito·

301 1689 779 1775 suspensionemassensio·
834 1686 956 1754 macho
983 1687 1027 1753 ita
1055 1686 1221 1765 scribenti,
1250 1685 1384 1753 Herculi
1409 1684 1580 1772 quendam

302 1797 364 1864 nis
399 1815 579 1882 magnam
617 1813 780 1882 prorsus
835 1795 984 1862 laborem
1009 1794 1216 1861 exanclatum
1238 1789 1458 1871 aCarneade,
1487 1790 1581 1878 quod

301 1903 508 1971 actionem
565 1901 780 1988 sapientis
835 1902 872 1968 ut
909 1901 1030 1967 ieram
1075 1903 1112 1967 et
1156 1900 1368 1966 immanem
1407 1898 1579 1978 beluam,

302 2028 391 2078 esse
415 2010 580 2076 dicebant.
834 2008 932 2074 sic..
969 2007 1257 2075 adsensionem
1297 2006 1578 2085 ...extraxisset

835 2119 957 2183 tamen
976 2166 983 2182 .
999 2166 1005 2179 .
1021 2163 1028 2180 .
1042 2114 1125 2200 quid
1141 2113 1302 2200 impediat
1313 2113 1478 2182 actionem
1495 2113 1582 2193 eius,

836 2222 894 2307 qui
918 2221 1107 2306 probabilia
1131 2220 1280 2306 sequitur
1297 2270 1305 2285 .
1323 2226 1350 2285 .“
1408 2205 1412 2216 ’

391 2348 533 2424 imitatio
567 2348 621 2415 vel
655 2347 862 2414 manifestior
897 2347 965 2426 erit,
995 2346 1023 2412 si
1059 2344 1381 2412 consideraverimus
1414 2343 1458 2423 id,
1488 2343 1583 2430 quod

303 2456 451 2540 imagine
461 2455 721 2540 suspensionem
730 2450 1581 2538 assensionisAugustinusvocat,refrenationem“,

303 2563 368 2629 iam
394 2561 485 2648 apud
508 2559 706 2628 Ciceronem
732 2560 882 2639 inveniri,
907 2559 964 2645 qui
988 2559 1221 2625 assensionem
1239 2558 1387 2643 appellat
1410 2557 1531 2635 ,teram
1549 2561 1586 2624 et

304 2669 485 2736 immanem
510 2668 677 2734 beluam“.

394 2774 461 2842 Sed
490 2775 630 2841 imitatio
658 2773 792 2859 gravior
819 2773 856 2839 iit
884 2791 936 2854 eo,
970 2771 1063 2858 quod
1092 2772 1126 2838 in
1162 2771 1282 2840 eodem
1317 2789 1426 2839 rerum
1450 2788 1585 2838 conexuv

305 2883 421 2950 levitas
449 2881 491 2948 de
515 2881 721 2949 assensionis
746 2881 931 2948 retentione
955 2880 1140 2947 sententiae
1163 2879 1197 2945 in
1221 2879 1438 2965 philosophia
1462 2877 1580 2945 morali

305 2992 502 3057 ostentatur:

550 3113 577 3161 c.
594 3094 668 3161 Ac:
1176 3091 1233 3159 Ac.
1250 3091 1273 3158 11
1300 3092 1376 3158 11οε

349 3220 448 3288 Unde
477 3219 698 3287 dormientem
729 3238 861 3304 semper
883 3223 915 3286 et
1106 3217 1207 3284 utitur
1241 3219 1299 3301 (sc.
1322 3217 1472 3300 sapiens)
1507 3234 1587 3300 pro·-

305 3327 532 3395 oiiiciorum
577 3315 729 3393 omnium
769 3326 915 3393 deserto·
970 3325 1151 3392 habilibus.
1202 3324 1315 3410 ltaque
1350 3341 1419 3390 non
1455 3323 1583 3402 metuit,

304 3453 373 3501 rem
398 3434 585 3518 sapientem
610 3451 709 3500 suurn
725 3432 915 3501 Academici
971 3450 1013 3498 ne
1037 3430 1286 3498 contundere
1302 3430 1416 3496 omnia
1432 3425 1585 3496 videatur

305 3541 490 3608 describere
500 3540 707 3619 videbantur,
719 3558 819 3624 quem
832 3540 916 3605 nihil
971 3541 1003 3605 el
1030 3539 1153 3604 incerta
1185 3537 1333 3604 reddere.
1378 3536 1458 3603 Non
1481 3536 1583 3616 enim,

305 3648 492 3734 approbare
527 3648 798 3714 censebant...
834 3647 916 3713 veri·
1076 3645 1103 3711 si
1137 3644 1325 3728 quaesitum
1367 3661 1407 3710 ex
1446 3661 1488 3710 eo
1531 3644 1589 3722 sit,

305 3758 358 3823 tas
381 3805 439 3821 ...
465 3754 631 3820 contusa
655 3754 804 3821 latitaret.
1056 3751 1135 3818 item
1160 3750 1188 3819 si
1212 3750 1254 3818 de
1277 3749 1416 3817 oiiicio
1526 3767 1583 3816 ne·

973 3860 1055 3926 scire
1079 3876 1116 3925 se
1140 3855 1273 3942 dicat2).

393 3967 417 4036 1)
436 3967 568 4022 indicavit
586 3966 725 4026 Krischlus
744 3981 806 4036 pag.
828 3965 887 4020 188.

395 4058 417 4124 2)
430 4056 470 4110 Ex
481 4058 563 4111 variis
576 4057 822 4125 comparationibus
834 4070 889 4109 non
902 4055 1005 4109 leviora
1017 4054 1191 4126 colliguntur:
1211 4067 1376 4123 quamquam
1389 4052 1592 4106 consensiones

305 4145 508 4201 intercedentes
535 4146 603 4200 inter
629 4145 815 4216 Augustinum
842 4146 870 4199 et
896 4145 944 4198 Ac.
967 4143 988 4197 11
1013 4142 1072 4207 105,
1101 4143 1160 4207 108,
1188 4142 1240 4197 110
1269 4143 1320 4196 sub
1351 4141 1446 4195 oculos
1476 4139 1590 4204 cadunt,

305 4237 351 4291 hic
376 4235 542 4290 vocabulum
573 4234 717 4300 ,invidla“‚
745 4249 806 4288 cum
835 4235 886 4287 nisi
915 4234 1063 4288 imitatione
1086 4232 1194 4286 alterins
1226 4233 1254 4285 in
1281 4228 1586 4299 §munitione

306 4341 362 4381 non
393 4325 536 4394 irrepserit,
567 4339 601 4379 ex
632 4323 754 4389 Lucullo,
784 4324 830 4378 ubi
861 4337 916 4377 non
947 4322 1107 4386 inveniatur,
1143 4335 1198 4374 non
1228 4319 1320 4388 potest
1349 4319 1484 4374 hausisse.
1529 4315 1589 4372 Sed

306 4429 418 4485 operam
454 4415 560 4478 demus,
607 4415 636 4468 111
672 4412 836 4482 inquirendo
872 4424 1009 4476 eruamus,
1053 4423 1199 4479 quemnam
1235 4409 1325 4463 locum
1360 4408 1585 4462 Academicorum

306 4505 404 4560 Cicero
417 4503 477 4558 Nat.
491 4502 526 4559 D.
540 4502 549 4556 1
565 4504 577 4557 1
592 4518 652 4572 sqq.
666 4504 694 4556 111
713 4504 804 4557 animo
816 4501 924 4556 habeat.
954 4498 1074 4553 Primum
1093 4498 1183 4553 elucet
1201 4511 1234 4552 ex
1253 4498 1380 4567 quattuor
1397 4497 1473 4551 libris
1491 4511 1586 4551 nume-

307 4596 371 4649 ratis
400 4594 549 4648 editionem
577 4593 756 4661 posteriorem
787 4592 894 4660 respici.
945 4588 1053 4645 Deinde
1081 4588 1237 4658 gravissimi
1265 4587 1398 4641 momenti
1428 4586 1479 4649 est,
1510 4587 1584 4654 quod

307 4683 405 4738 Cicero
431 4685 459 4737 111
486 4682 537 4736 hac
560 4684 620 4752 ipsa
638 4681 723 4750 parte,
750 4681 778 4733 ln
798 4693 851 4748 qua
869 4679 925 4734 tarn
943 4678 1128 4748 apertissimas
1147 4676 1339 4731 similitudines
1358 4689 1419 4729 cum
1437 4673 1586 4746 Augustini

307 4774 398 4830 verbis
430 4772 629 4841 sententiisque
658 4771 685 4824 et
712 4783 804 4824 earum
831 4783 937 4823 conexu
965 4769 1159 4831 invenerimus,
1187 4768 1333 4836 postquam
1356 4763 1507 4846 secundum
1526 4778 1591 4833 pro·
