3544 5320
846 387 1022 446 ..33-

292 589 382 656 iusto
413 589 515 656 tontis
544 591 620 658 loco
649 594 818 678 sumptam
847 609 931 672 esse,
967 592 1000 659 id
1036 596 1095 674 est,
1130 612 1206 660 cum
1237 594 1389 662 nondum
1421 594 1476 660 illa
1504 593 1580 660 veri

292 695 411 762 similis
436 696 589 764 refutatio
605 697 772 765 vocabulo
796 698 872 784 ipso
891 699 968 765 nixa
983 701 1160 767 verborum
1177 701 1403 768 controvetsia
1427 699 1577 767 iudicata.

272 805 391 883 esset,
427 802 540 887 itaque
575 804 618 871 ab
641 803 832 890 Augustino
868 808 945 890 post
977 823 1051 872 eam
1085 807 1229 892 positam
1265 808 1299 875 in
1333 807 1574 874 sententiarum

292 927 415 975 nexum
440 909 527 977 male
543 909 716 996 quadrare.
755 911 849 978 lllum
872 911 975 980 fuisse
992 929 1100 980 rerum
1122 913 1156 980 in
1173 913 1346 982 Ciceronis
1362 912 1574 981 Academicis

291 1015 444 1082 ordinem
462 1015 554 1083 haud
569 1017 641 1084 scio
657 1035 700 1084 an
716 1017 847 1084 facilius
864 1021 985 1104 pateat,
1002 1019 1031 1086 si
1047 1021 1286 1088 contulerimus
1300 1021 1402 1088 verba
1419 1019 1575 1086 Licentii:

294 1119 355 1198 ,At
377 1123 468 1190 enim
492 1140 620 1193 nomen
637 1124 668 1191 ei
691 1142 761 1191 non
785 1125 879 1209 potui
903 1124 996 1191 aliud
1017 1125 1211 1212 imponere“
1230 1146 1306 1195 cum
1330 1127 1382 1194 his
1398 1125 1578 1195 Ciceronis

291 1227 467 1314 fragmenti
491 1248 569 1316 pag.
585 1230 629 1297 36
646 1230 749 1298 allati:
776 1271 870 1307 ,.·..
896 1249 983 1316 quae
1006 1235 1042 1299 tu
1066 1233 1093 1300 si
1117 1233 1183 1301 alio
1207 1234 1345 1301 nomine
1368 1233 1419 1302 vis
1442 1252 1571 1313 vocare,

291 1335 374 1403 nihil
402 1352 633 1422 repugno...
658 1337 782 1421 quibus
804 1337 903 1404 rebus
932 1338 1016 1406 haec
1038 1340 1177 1408 nomina
1207 1341 1414 1427 imponam“.
1451 1339 1580 1426 Neque

290 1459 370 1509 vero
386 1441 432 1508 ita
448 1441 566 1510 Cicero
590 1460 627 1510 se
642 1442 860 1524 defendisset,
884 1444 949 1512 nisi
972 1447 1071 1514 antea
1094 1447 1143 1512 ab
1158 1446 1350 1515 adversario
1366 1447 1576 1532 vituperatus.

290 1551 390 1628 esset,
415 1549 508 1634 quod
534 1547 645 1626 ,aliud
668 1557 814 1618 nomen“
841 1550 895 1617 isti
919 1551 964 1618 rei
990 1551 1204 1638 ,imponere“
1231 1570 1301 1620 non
1324 1553 1457 1621 valeret.
1504 1551 1578 1619 Sed

291 1673 499 1740 quamquam
524 1655 589 1722 hoc
612 1674 750 1742 quoque
772 1656 848 1724 loco
872 1655 1098 1742 Augustinum
1123 1676 1198 1727 esse
1227 1660 1429 1726 imitatorem
1452 1676 1577 1726 conce·-

290 1760 438 1828 dendum
456 1763 517 1841 esf,
540 1765 652 1829 tamen
669 1763 788 1830 frustra
804 1763 997 1848 quaerimus
1014 1765 1048 1831 in
1062 1764 1272 1833 Academicis
1288 1766 1426 1834 servatis
1449 1765 1579 1845 locum,

291 1867 382 1936 unde
405 1868 460 1935 ille
483 1866 639 1936 hauserit.

318 2006 321 2014 ·
380 1992 538 2079 Denique
562 1993 783 2078 inspiciantur
805 1994 888 2061 haec
912 1998 1118 2080 comparata:

472 2136 500 2186 c.
522 2116 584 2185 Ac.
609 2117 714 2186 1128:
1094 2118 1164 2186 Cic.
1190 2119 1290 2205 (Aug.
1315 2119 1435 2205 1126):

335 2242 399 2308 hoc
422 2245 473 2309 est
496 2244 604 2308 utrum
627 2243 696 2310 veri
719 2243 828 2312 simile
858 2262 919 2310 an·
1002 2261 1090 2329 quae
1106 2243 1320 2329 (probabilia)
1332 2246 1367 2309 tu
1384 2243 1412 2310 si
1429 2244 1494 2310 alio
1512 2255 1580 2310 no*

290 2347 465 2432 probabile
489 2366 532 2415 an
549 2348 614 2416 alio
631 2349 660 2415 si
677 2367 747 2434 quo
764 2351 902 2416 nomine
958 2349 1049 2416 mine
1071 2351 1123 2416 vis
1146 2367 1276 2430 vocare,
1300 2349 1383 2416 nihil
1407 2367 1572 2436 repugno.

290 2453 450 2561 appellari
474 2458 595 2541 potest.

433 2596 461 2647 c.
483 2577 547 2646 Ac.
571 2578 595 2646 ll
618 2579 671 2646 24.
696 2579 755 2646 26:
1095 2576 1164 2645 Cic.
1195 2578 1292 2664 (Aug.
1317 2579 1341 2646 ll
1364 2579 1437 2664 26);

335 2720 404 2770 non
421 2703 511 2770 enirn
528 2703 604 2770 illos
616 2703 706 2771 viros
723 2720 784 2770 eos
800 2702 905 2769 luisse
1005 2702 1130 2787 quibus
1174 2704 1273 2769 rebus
1313 2704 1396 2771 haec
1434 2703 1580 2771 nomina

290 2810 437 2890 arbitror,
462 2810 520 2895 qui
537 2810 637 2878 rebus
659 2809 828 2877 nescirent
845 2826 905 2875 no·
961 2809 1145 2893 imponam.

290 2917 381 2982 mina
412 2917 604 3001 imponere.
627 2915 697 3002 (26)
728 2915 774 2984 Ut
794 2915 906 2981 minus

289 3025 367 3106 apta
400 3024 501 3090 rebus
530 3022 726 3108 imponeret
753 3020 904 3088 nomina.

380 3146 430 3213 Ex
459 3147 511 3213 his
535 3147 620 3213 inter
642 3163 680 3212 se
696 3145 826 3225 collatis
849 3145 929 3211 satis
953 3144 1060 3212 elucet
1075 3143 1300 3230 Augustinum
1325 3146 1479 3212 consulto
1503 3146 1580 3212 elo*

290 3252 443 3319 cutiones
472 3254 630 3336 repetere,
660 3269 745 3338 quas
769 3251 842 3336 ipse
864 3248 964 3317 Tullii
999 3267 1074 3318 esse
1109 3249 1319 3335 significavit.
1364 3250 1443 3318 Non
1478 3251 1571 3339 parvi

291 3359 375 3425 mihi
394 3357 524 3426 videtur
546 3375 632 3438 esse,
657 3357 750 3444 quod
775 3357 830 3425 illa
848 3356 1020 3424 Ciceronis
1044 3355 1189 3423 elocutio
1208 3374 1351 3432 ,nomen
1375 3358 1570 3442 imponere“

291 3465 325 3530 in
349 3462 534 3531 Carneadis
563 3465 715 3532 irrisione
738 3464 840 3531 nobis
863 3463 1013 3541 occurrit,
1038 3479 1149 3547 eoque
1177 3462 1286 3546 magis
1309 3480 1580 3545 commovemur„

292 3574 328 3637 ut
350 3570 437 3637 hanc
459 3569 632 3638 Ciceronis
649 3569 861 3638 Academicis
885 3569 1142 3649 attribuamus1).

380 3799 404 3871 ¹)
423 3799 547 3855 Fortasse
566 3802 617 3855 ista
637 3802 704 3855 ratlo
723 3799 905 3855 concludendi
925 3799 1007 3853 etiam
1021 3797 1081 3851 allis
1093 3796 1160 3850 locis
1172 3794 1352 3851 confirmatur.
1383 3795 1581 3854 Praetermitto·

290 3893 318 3944 in
338 3888 402 3958 §24
421 3888 529 3944 dicendi
549 3904 637 3960 genus
659 3903 777 3954 ,nomen
795 3890 952 3959 imponere“
968 3887 1073 3941 exstare
1092 3886 1120 3938 in
1139 3884 1286 3951 enuntiato,
1305 3885 1379 3953 quod
1396 3899 1428 3940 se
1441 3889 1581 3958 aggregat.

290 3979 326 4034 ad
349 3977 416 4032 illud
438 3977 514 4041 ,Non
536 3980 576 4032 esl
601 3979 651 4033 ista
672 3978 818 4034 verborum
834 4018 840 4031 .
854 4019 860 4032 .
874 3980 909 4041 .·,
931 3977 1009 4030 cuius
1028 3974 1190 4048 elocutionis
1212 3972 1246 4027 N.
1265 3972 1300 4028 D.
1321 3972 1331 4027 1
1352 3973 1385 4028 16
1408 3976 1580 4031 slmilllmam

290 4067 405 4123 inveniri
432 4080 495 4137 pag.
514 4066 549 4122 35
576 4067 706 4122 vidimus.
753 4065 833 4131 Quae
860 4079 926 4119 vero
953 4065 1011 4118 lum
1040 4063 1094 4116 illlc
1122 4063 1303 4130 exponuntur,
1330 4077 1368 4118 sc.
1391 4060 1574 4120 Academicos

289 4155 453 4210 sententiam
476 4169 553 4210 suam
576 4156 664 4210 celare
688 4167 851 4217 consuesse,
879 4166 911 4206 ea
938 4165 973 4207 ex
996 4149 1127 4205 Cicerone
1155 4150 1313 4219 deprompta
1340 4165 1404 4205 esse
1427 4166 1493 4207 meo
1516 4155 1582 4207 iure

289 4243 423 4313 respectis
442 4242 488 4297 Ac.
508 4243 583 4300 1160
605 4246 633 4298 et
656 4259 679 4298 c.
692 4242 741 4297 Ac.
762 4240 849 4296 11143
871 4255 952 4310 supra
975 4254 1038 4310 pag.
1055 4237 1091 4292 36
1112 4237 1251 4292 aliirmavi.
1288 4236 1468 4294 Conferamus
1483 4255 1582 4306 nunc,

289 4345 361 4401 quae
373 4330 544 4401 Augustinus
557 4333 593 4388 de
611 4333 665 4386 illls
686 4331 750 4386 dicit
769 4345 792 4385 c.
805 4329 845 4384 Ac
867 4329 888 4384 ll
907 4330 954 4384 24:
978 4328 1085 4391 ,contra
1098 4339 1147 4380 eos
1165 4327 1241 4395 ipsos
1254 4339 1309 4380 non
1321 4328 1423 4381 invitus
1441 4330 1583 4394 armabor,

288 4423 311 4474 si
331 4433 387 4474 non
408 4421 584 4477 occultandae
602 4405 757 4477 sententiae
776 4433 844 4474 suae
862 4432 952 4482 causa,
970 4431 1010 4471 ne
1028 4415 1067 4468 ab
1086 4415 1136 4467 eis
1154 4414 1280 4468 temere
1299 4415 1438 4484 pollutis
1458 4419 1583 4494 menti-

287 4511 350 4563 bus
369 4508 401 4562 ef
423 4511 517 4577 quasi
540 4510 693 4580 profanis
712 4508 874 4578 quaedam
892 4505 1048 4562 veritatis
1072 4515 1163 4555 sacra
1186 4501 1421 4571 proderentur·
1443 4520 1506 4560 cum
1529 4507 1581 4561 iris

288 4613 311 4654 c.
330 4596 419 4670 Acll
438 4595 485 4652 29:
516 4599 696 4670 ,Responde,
723 4598 813 4650 utrum
840 4595 889 4649 libl
908 4593 1052 4663 ¹uideantur
1069 4589 1224 4643 Academici
1252 4590 1381 4644 babuisse
1408 4595 1510 4648 certam
1539 4597 1583 4649 de·

286 4686 431 4741 veritate
456 4689 620 4744 sententiam
648 4688 676 4742 et
704 4699 773 4739 eam
801 4685 926 4738 temere
955 4680 1082 4750 ignotis
1103 4677 1156 4731 vel
1182 4692 1244 4731 non
1269 4681 1422 4748 purgatis
1450 4685 1573 4737 animis

284 4773 428 4845 prodere
453 4775 598 4835 noluisse.“
637 4775 714 4846 Ergo
740 4773 785 4827 hic
808 4784 919 4841 quoque
936 4767 1109 4838 August-inus
1131 4767 1185 4819 lam
1209 4768 1275 4820 mire
1297 4769 1323 4820 et
1347 4769 1471 4824 similiter
1488 4773 1579 4826 verba
