3544 5320
869 398 1043 472 ...45-

317 623 401 691 -pag.
418 605 461 670 44
489 605 732 691 perspeximus.
790 603 858 672 Sed
873 603 1060 685 videamus,
1077 605 1126 681 ,ad
1143 604 1277 690 qualem
1293 605 1396 674 linem
1414 605 1597 692 disputatio

312 712 461 796 spectet:
485 709 702 778 Adversarius
726 712 769 779 ab
784 709 975 796 Augustino
997 709 1217 797 interrogatus
1233 730 1261 779 c.
1278 710 1337 778 Ac.
1354 710 1391 778 ΙΙΙ
1411 712 1467 779 ll:
1495 731 1594 789 ,num

319 817 429 904 possit
465 817 593 885 homini
629 817 704 885 talis
738 818 915 903 provenire
949 816 1123 904 sapientia,
1163 817 1296 904 qualem
1332 818 1416 885 ratio
1451 818 1594 904 prodit“,

313 924 464 1010 opponit
497 923 563 991 nisi
598 942 617 991 a
652 925 717 992 deo
752 924 881 994 homini
916 943 985 991 non
1022 941 1122 1009 posse
1157 924 1327 993 veritatem
1363 923 1507 1005 ostendi,
1543 927 1595 993 cui

319 1031 473 1116 opinioni
497 1030 577 1098 alter
598 1048 734 1116 prorsus
759 1031 946 1098 assentitur.
992 1030 1082 1116 Ergo
1106 1031 1208 1098 ambo
1232 1031 1447 1099 consentiunt
1463 1033 1594 1117 sapien·

311 1141 397 1218 tem,
421 1137 555 1222 qualem
579 1137 662 1204 ratio
677 1135 807 1222 prodat,
831 1155 900 1204 non
925 1154 1027 1222 posse
1051 1135 1190 1205 inveniri
1213 1140 1246 1205 et
1269 1137 1469 1225 sapientiam
1486 1139 1594 1226 ipsam

318 1244 353 1311 in
385 1243 450 1311 deo
479 1242 555 1311 solo
583 1261 669 1312 esse.
726 1242 801 1312 Hoc
824 1247 946 1323 autem,
970 1261 1175 1329 quamquam
1200 1261 1334 1311 summa
1357 1243 1595 1331 disputationis

311 1353 379 1430 est,
409 1366 576 1434 nusquam
601 1350 703 1418 nobis
726 1350 865 1418 occurrit
888 1350 922 1417 in
946 1349 1084 1418 Lucullo
1108 1349 1193 1418 libro
1217 1354 1357 1439 excepto
1378 1352 1518 1420 tortasse
1542 1371 1594 1440 eo,

312 1456 411 1544 quod
441 1456 556 1525 leviter
581 1457 710 1525 tantum
735 1457 961 1544 significatum
989 1461 1041 1524 est
1064 1457 1098 1524 in
1120 1459 1143 1541 §
1169 1457 1246 1526 122:
1278 1459 1414 1535 „Latent
1435 1458 1499 1528 ista
1523 1477 1594 1526 om·

319 1565 385 1646 nia,
410 1563 558 1644 Luculle,
581 1564 702 1632 crassis
726 1565 889 1634 occultata
905 1567 938 1632 et
952 1564 1151 1633 circumfusa
1167 1565 1323 1644 tenebris,
1348 1567 1384 1632 ut
1400 1565 1490 1633 nulla
1506 1566 1595 1634 acies

318 1671 457 1739 humani
481 1671 607 1757 ingenii
630 1672 722 1738 tanta
745 1670 798 1750 sit,
822 1687 909 1756 quae
932 1673 1105 1755 penetrare
1128 1670 1162 1738 in
1179 1669 1307 1738 caelum
1325 1670 1461 1757 possit⁴⁸
1504 1671 1596 1740 Haec

310 1779 477 1846 transisse
493 1778 527 1845 in
544 1778 679 1845 aiteram
696 1776 877 1844 editionem
894 1775 1033 1844 Vanoni
1049 1777 1241 1862 inscriptam
1259 1795 1368 1865 paene
1383 1795 1453 1845 non
1470 1781 1595 1847 mutata

311 1889 457 1971 apparet
480 1903 521 1952 ex
543 1883 732 1970 fragmento
755 1882 910 1950 Martiani
934 1881 1093 1969 Capellae
1117 1882 1242 1962 v517:
1270 1882 1388 1952 Cicero
1405 1937 1414 1953 .
1431 1936 1439 1952 .
1456 1885 1490 1951 in
1512 1884 1595 1954 Aca·

317 1992 474 2060 demicis:
514 1991 667 2070 ,latent
694 1990 769 2058 ista
798 1990 944 2070 omnia,
979 1989 1093 2070 Vano‚
1129 1990 1286 2075 magnis
1315 1992 1531 2059 obscurata
1559 1994 1596 2060 et

310 2097 562 2167 circumfusa
590 2094 832 2180 tenebris1).“
880 2095 972 2164 Nihil
996 2096 1039 2163 ad
1062 2113 1131 2162 rem
1153 2095 1274 2176 valent,
1303 2114 1390 2182 quae
1414 2117 1433 2165 a
1456 2097 1594 2166 Lucullo

313 2205 414 2274 ‹1130
443 2205 611 2273 dicuntur:
650 2255 682 2282 ,.
751 2204 851 2272 ratio
886 2203 1028 2290 perlecta
1057 2203 1110 2270 his
1137 2202 1298 2289 gradibus
1326 2202 1369 2270 ad
1395 2204 1594 2289 sapientiam

313 2313 498 2399 ·pervenit.“
546 2310 589 2379 At
617 2329 693 2378 cum
716 2310 859 2398 Alypius
881 2309 1157 2379 Academicomm
1187 2313 1298 2397 partes
1325 2313 1492 2395 sequatur,
1519 2328 1594 2379 sen-

309 2419 438 2487 ¹tentias
463 2420 505 2487 ab
529 2435 571 2486 eo
596 2418 630 2485 in
653 2420 695 2502 ᾗῇ
719 2419 759 2486 10
782 2436 857 2504 sqq.
880 2417 1034 2510 defensas
1058 2420 1091 2485 et
1113 2418 1156 2485 ab
1171 2416 1362 2503 Augustino
1391 2417 1594 2503 approbatas

311 2525 368 2610 (ΙΙΙ
395 2526 449 2592 13;
477 2524 572 2611 „quis
597 2528 708 2592 autem
723 2542 838 2591 vemm
855 2524 964 2611 possit
980 2524 1167 2605 ostendere,
1192 2524 1311 2604 abste,
1335 2523 1444 2610 Alypi,
1469 2523 1593 2592 dictum

311 2637 378 2712 est,
403 2651 421 2700 a
445 2650 514 2718 quo
538 2650 581 2699 ne
606 2631 811 2712 dissentiam,
836 2650 960 2718 magno
984 2649 1086 2717 opere
1110 2631 1192 2698 mihi
1216 2630 1437 2699 laborandum
1461 2633 1535 2698 est.
1553 2639 1594 2712 .“)

313 2758 388 2807 -non
413 2759 432 2807 a
456 2738 595 2807 Lucullo
619 2740 677 2806 aut
700 2737 884 2806 aVarrone
908 2738 968 2805 sed
992 2736 1191 2806 aCicerone
1216 2738 1292 2823 ipso
1309 2737 1503 2823 explanatas
1520 2755 1595 2808 esse

313 2865 384 2933 ego
408 2845 545 2931 quidem
570 2845 751 2927 arbitroro.

406 2953 539 3020 Deinde
567 2951 707 3019 imitatio
732 2949 904 3018 Ciceronis
928 2951 1173 3019 demonstratur
1196 2951 1249 3018 his
1273 2951 1595 3038 comparationibus.

313 3061 382 3128 ilic
405 3063 507 3145 atque
523 3059 589 3126 illic
606 3058 799 3126 conceditur
820 3076 935 3126 vemm
960 3076 1034 3126 esse
1050 3076 1161 3143 neque
1185 3061 1297 3126 tamen
1321 3057 1460 3125 inveniri
1483 3075 1595 3143 posse.

510 3199 738 3268 omfflffl:
1192 3199 1386 3272 mum:

243 3379 245 3384 .
362 3327 414 3396 De
445 3345 514 3414 quo
542 3344 603 3394 eos
632 3321 797 3404 consulo,
820 3328 929 3392 utrum
1028 3324 1063 3392 ld
1102 3324 1147 3392 ita
1181 3327 1280 3404 esset,
1318 3325 1346 3391 si
1381 3342 1445 3392 nos
1479 3342 1595 3392 verum

317 3437 454 3520 negent,
478 3433 588 3512 idest,
610 3436 719 3500 utrum
736 3433 785 3499 eis
801 3433 931 3518 placeat
984 3430 1125 3500 omnino
1142 3430 1343 3498 tolleremus.
1359 3448 1428 3498 non
1440 3429 1596 3511 tacimus;

317 3541 444 3608 veritati
474 3539 725 3609 assentiendum
749 3557 820 3606 non
844 3557 929 3606 esse.
985 3556 1063 3604 nam
1087 3541 1155 3604 tam
1178 3555 1255 3604 vera
1277 3555 1379 3622 quam
1395 3537 1478 3605 ialsa
1493 3538 1597 3605 cerni·

312 3647 501 3734 ‚Nunquam
530 3648 595 3714 hoc
622 3646 742 3725 dicent,
772 3644 831 3712 sed
856 3663 929 3712 eam
985 3662 1070 3712 mus.
1096 3643 1447 3731 Sed...percipiendi
1461 3645 1596 3730 signum

313 3772 389 3821 non
412 3754 551 3822 inveniri
575 3752 823 3821 asseverabunt.
985 3751 1114 3818 nullum
1139 3752 1314 3818 habemus.

505 3914 533 3964 c.
549 3894 606 3963 Ac.
622 3894 659 3962 Ill
678 3894 733 3962 13:
1204 3893 1292 3962 Lael.
1310 3892 1371 3960 20:

364 4020 537 4105 Siquidem
544 4019 687 4088 amicitia
697 4017 892 4087 rectissime.
904 4067 929 4084 ..
1030 4017 1088 4085 Est
1102 4069 1108 4084 .
1123 4068 1131 4085 .
1146 4068 1154 4084 .
1167 4017 1311 4085 amicitia
1327 4015 1409 4084 nihil
1426 4015 1515 4084 aliud
1531 4016 1596 4084 nisi

314 4126 457 4195 delinita
494 4130 545 4194 est
572 4144 680 4193 rerum
709 4125 929 4193 humanarum
986 4125 1137 4192 omnium
1156 4123 1342 4191 divinarum
1361 4123 1595 4190 humanarum-

311 4237 352 4302 -et
380 4232 565 4300 divinarum
593 4250 670 4301 cum
695 4232 930 4300 benevolentia
985 4249 1051 4317 que
1075 4249 1182 4299 rerum
1206 4247 1282 4297 cum
1306 4229 1542 4304 benevolentia
1564 4231 1597 4297 et

315 4344 352 4408 et
373 4340 507 4410 caritate
531 4339 720 4408 consensio.
984 4337 1116 4405 caritate
1138 4353 1270 4406 summa
1293 4336 1484 4404 consensio.

312 4595 314 4600 ⁵
410 4608 435 4666 ll
454 4607 508 4662 lam
526 4609 657 4679 cognovit
675 4605 816 4665 Krischius
834 4604 852 4661 l.
865 4619 889 4660 a.
902 4619 964 4676 pag.
981 4602 1087 4674 186s87.

408 4694 434 4765 θ)
451 4695 598 4768 Augustini
617 4696 731 4766 quidem
749 4697 836 4764 ipsius
854 4695 989 4749 sententia
1007 4692 1116 4749 videtur
1133 4705 1204 4760 esse,
1223 4693 1364 4748 veritatem
1381 4693 1433 4746 nisi
1446 4705 1461 4746 a
1475 4691 1529 4747 deo
1542 4705 1598 4747 non

316 4799 403 4856 posse
422 4786 539 4842 ostendi.
