3544 5320
837 375 1015 434 ..78-

293 579 397 647 finem
422 579 588 648 sermonis
616 579 649 645 in
673 579 760 664 §43
788 579 867 647 dicit
897 581 994 647 haec:
1031 579 1217 664 „Quisquis
1247 583 1357 648 autern
1386 582 1480 665 putat
1508 580 1575 647 hoc

292 686 444 754 sensisse
460 685 692 766 Academicos,
717 687 828 772 ipsum
846 685 1042 754 Ciceronem
1067 687 1189 754 audiat.
1214 685 1269 754 Ait
1291 688 1381 754 enim
1399 737 1406 753 .
1425 737 1432 752 .
1450 684 1571 772 (etc.)“,

293 792 484 861 necessario
515 792 596 858 inihi
627 792 764 877 quidem
792 792 922 860 videtur
949 793 1045 877 sequi
1081 794 1145 862 hoc
1175 811 1313 879 quoque
1347 793 1571 879 fragmentum

294 897 382 966 'lulli
406 900 513 983 ipsius
533 917 643 983 neque
659 898 817 967 Varronis
833 900 934 967 verba
956 899 1071 981 fuisse,
1096 903 1131 967 ut
1143 899 1313 974 Krischius
1337 902 1440 984 putat.
1480 898 1573 966 Haec

290 1008 362 1073 tam
386 1007 526 1091 copiose
550 1006 592 1072 ab
608 1003 798 1091 Augustino
822 1006 934 1085 relata,
959 1023 1101 1090 quorum
1126 1006 1211 1074 levia
1235 1009 1363 1074 tanturn
1379 1005 1521 1092 vestigia
1537 1005 1571 1072 in

290 1112 421 1181 traditis
437 1111 644 1180 Academicis
672 1113 909 1194 invenerimus,
934 1113 967 1179 in
992 1116 1084 1200 parte
1100 1113 1245 1197 quadam
1263 1117 1295 1180 et
1317 1113 1437 1199 prioris
1453 1116 1485 1182 et
1510 1129 1571 1199 po·

291 1219 439 1288 sterioris
461 1218 618 1288 editionis
639 1219 762 1287 amissa
778 1219 952 1300 exstitisse,
976 1219 1011 1286 id
1034 1223 1085 1288 est
1107 1219 1142 1288 in
1166 1218 1286 1288 Catulo
1310 1223 1344 1287 et
1366 1219 1401 1286 in
1425 1218 1509 1286 libro
1531 1215 1570 1284 Il.

290 1325 351 1393 Ac.
376 1329 474 1412 post,
498 1327 568 1393 iure
597 1344 634 1393 ac
664 1326 784 1394 merito
808 1326 967 1415 suspicati
990 1343 1119 1395 sumus.
1165 1326 1200 1394 ln
1218 1327 1287 1396 lrac
1309 1326 1399 1394 enim
1424 1325 1571 1394 editione

294 1433 468 1500 Lucullum
493 1432 537 1500 ita
560 1431 761 1518 dispositum
785 1432 899 1512 fuisse,
927 1435 963 1500 ut
986 1433 1093 1501 oratio
1117 1432 1243 1501 Luculli
1267 1431 1397 1501 tertium
1422 1435 1454 1500 et
1477 1430 1570 1499 Cice·

290 1539 387 1607 ronis
410 1539 590 1624 responsio
613 1542 767 1623 quartum
791 1538 911 1606 librum
936 1539 1243 1626 comprehenderet,
1271 1558 1312 1607 ex
1334 1539 1528 1625 fragmentis
1551 1557 1571 1605 a

289 1645 407 1713 Nonio
440 1645 600 1727 collatls1)
633 1645 777 1713 dilucide
812 1644 990 1732 appareu).
1041 1644 1157 1730 Itaque
1193 1647 1344 1730 sequitur
1374 1644 1484 1714 Catuli
1516 1663 1570 1712 ex·

291 1751 490 1838 plicationes
513 1751 703 1836 complesse
726 1752 829 1821 libros
852 1751 877 1820 I.
894 1756 926 1821 et
947 1750 998 1820 Π..
1038 1751 1124 1820 Cum
1149 1756 1258 1821 autem
1289 1753 1363 1821 libri
1384 1750 1410 1820 I.
1426 1754 1569 1820 tantum·

293 1859 398 1926 modo
422 1859 532 1926 minor
554 1877 631 1944 pars
655 1860 778 1926 amissa
801 1860 855 1940 sit,
885 1859 975 1927 haud
992 1859 1062 1928 scio
1086 1878 1129 1927 an
1150 1860 1184 1927 in
1209 1878 1247 1929 ea
1271 1861 1365 1929 locus
1381 1858 1428 1926 illi
1444 1859 1491 1926 rei
1514 1877 1569 1926 ex-

289 1966 482 2051 planandae
505 1983 575 2033 non
599 1965 680 2033 satis
703 1965 788 2034 latus
812 1966 917 2034 fuerit.

382 2072 500 2140 lterum
534 2072 563 2139 si
597 2072 841 2158 inspexerimus
864 2071 922 2141 Ac.
946 2071 975 2140 Π
1002 2073 1056 2154 60,
1091 2074 1149 2142 ubi
1184 2072 1341 2141 Lucullus
1375 2072 1604 2156 interrogata

295 2178 414 2262 „Quae
437 2183 515 2246 sunt
542 2179 678 2247 tandem
707 2180 769 2247 ista
798 2179 966 2267 mysteria,
994 2183 1051 2248 aut
1081 2199 1140 2247 cur
1161 2179 1275 2247 celatis
1293 2179 1568 2246 ...sententiam

288 2287 491 2366 vestram?“,
505 2286 581 2370 quis
594 2285 732 2366 dubitet,
749 2285 832 2370 quin
849 2286 931 2354 lraec
948 2286 1133 2372 pertineant
1149 2286 1192 2354 ad
1209 2284 1381 2353 Ciceronis
1399 2284 1568 2369 quandam

293 2394 479 2461 orationem
494 2396 591 2460 antea
607 2393 779 2461 habitam?
803 2392 900 2461 Hanc
915 2412 1006 2475 vero,
1022 2394 1112 2462 unde
1130 2394 1214 2476 ,ista
1230 2393 1406 2480 mysteria“
1423 2410 1451 2458 c.
1460 2390 1517 2459 Ac.
1525 2388 1569 2459 111

288 2500 335 2567 38
359 2500 462 2584 repeti
490 2499 643 2567 videntur
670 2502 761 2583 (narn
784 2499 1011 2587 Augustinum
1040 2519 1067 2568 c.
1089 2499 1148 2568 Ac.
1164 2497 1207 2569 lli
1225 2500 1269 2567 37
1285 2517 1359 2585 sqq.
1382 2501 1568 2566 mutuatum

290 2625 367 2674 esse
396 2607 521 2674 abillo
550 2607 650 2674 nobis
678 2624 875 2691 persuasum
904 2610 979 2691 est),
1002 2626 1150 2694 quonam
1178 2607 1212 2675 in
1236 2607 1321 2675 libro
1345 2609 1443 2693 putas
1466 2605 1568 2672 fuisse

291 2714 357 2780 nisi
382 2714 416 2780 in
433 2712 576 2782 Catulo?
599 2712 702 2782 Porro
718 2731 745 2780 c.
761 2711 819 2780 Ac.
835 2711 934 2795 1126,
951 2732 1031 2800 quo,
1055 2714 1137 2799 quid
1154 2715 1197 2782 sit
1220 2713 1396 2799 probabile
1418 2713 1473 2779 vel
1486 2711 1568 2781 verf-

287 2820 410 2900 simile,
445 2819 601 2887 definitur
635 2838 747 2908 neque
781 2819 823 2887 de
858 2821 1030 2889 vocabulis
1065 2820 1259 2889 certandum
1289 2838 1364 2889 esse
1395 2817 1568 2887 Ciceronis

291 2927 399 3014 ipsius
423 2927 533 2995 verbis
556 2926 811 3007 demonstratur,
836 2928 999 2995 artissime
1022 2928 1200 2996 cohaerere
1224 2945 1299 2994 cunr
1324 2928 1345 3011 §
1368 2927 1411 2993 40
1428 2926 1501 2994 libri
1512 2921 1567 2992 ΠΙ.

287 3052 372 3125 curn·
384 3029 679 3120 probaverimus⁸),
696 3036 812 3101 nostro
829 3034 899 3101 iure
918 3033 1151 3103 concludimus
1168 3037 1200 3101 et
1216 3036 1280 3101 hoc
1295 3031 1567 3119 fragmentum⁴):

293 3139 424 3222 ,Talia“
450 3140 558 3224 inquit
572 3138 792 3209 Academicus
815 3143 876 3208 etc.
901 3139 955 3226 (cf.
973 3159 1051 3226 pag.
1068 3139 1144 3224 36)“
1164 3143 1196 3207 et
1211 3140 1300 3207 illam
1325 3139 1565 3217 definitionem,

291 3265 392 3330 quam
406 3265 475 3315 non
488 3265 562 3314 esse
578 3247 823 3333 seiungendum
840 3248 883 3315 ab
896 3248 962 3314 hoc
973 3247 1048 3331 ipso
1062 3246 1329 3329 intelleximustl,
1342 3246 1416 3332 ipsa
1429 3262 1566 3330 quoque

288 3352 412 3421 Catulo
435 3353 611 3421 tribuenda
634 3370 719 3420 esse.
754 3353 888 3436 Quodsi
905 3352 1022 3421 Cicero
1038 3371 1107 3421 non
1131 3354 1229 3420 licere
1244 3352 1286 3420 de
1305 3352 1514 3434 ,verisimili“
1532 3351 1566 3418 in

289 3460 465 3528 verborum
482 3460 741 3528 controversiam
757 3459 902 3528 incidere
919 3459 1142 3527 adversarium
1159 3459 1344 3539 admonuit,
1365 3460 1454 3527 hunc
1469 3462 1566 3528 antea

286 3567 354 3634 isto
383 3566 549 3634 vocabulo
571 3564 845 3634 Academicorum
875 3567 1073 3633 sententiam
1102 3566 1298 3634 labefactare
1326 3566 1495 3634 studuisse
1517 3567 1568 3634 est

289 3675 451 3759 apertum,
480 3668 621 3757 qualem'
642 3673 804 3741 rationem
833 3671 1042 3758 Augustinus
1070 3691 1207 3758 quoque
1235 3691 1263 3741 c.
1286 3670 1397 3740 Ac.H
1428 3674 1468 3740 16
1491 3691 1565 3758 sqq.

287 3782 482 3866 persecutus
507 3783 565 3846 est.

378 3885 445 3953 larn
473 3904 551 3953 vero
580 3885 761 3954 editionem
790 3887 1009 3972 posteriorem
1038 3886 1131 3953 illurn
1160 3886 1356 3954 adhibuisse
1384 3888 1565 3971 postquam

288 3992 445 4072 vidimus,
474 3992 606 4060 cuinam
635 3993 721 4060 libro
744 4010 772 4061 c.
787 3989 891 4060 Acss
918 3993 957 4059 16
981 4010 1055 4077 sqq.
1076 3995 1108 4060 et
1130 3990 1174 4059 111
1196 3992 1240 4060 37
1262 4009 1336 4078 sqq.
1361 3992 1566 4079 assignanda

287 4101 366 4179 sint,
391 4117 602 4185 quaeramus.
649 4098 762 4181 Quam
787 4100 832 4167 ob
860 4117 928 4166 rem
954 4099 1089 4166 afferam
1113 4097 1208 4166 Aci
1239 4099 1295 4166 13:
1329 4099 1400 4177 ,De
1428 4102 1461 4166 te
1488 4099 1566 4185 ipso

288 4205 370 4290 quid
400 4209 459 4286 est,
487 4205 595 4290 inquit
623 4204 764 4292 (Varro),
795 4206 887 4290 quod
919 4205 1043 4273 audio?
1060 4257 1067 4271 .
1085 4261 1093 4277 .
1111 4256 1118 4270 .
1136 4206 1282 4274 relictam
1312 4225 1331 4273 a
1360 4208 1393 4274 te
1420 4209 1567 4274 veterem

377 4418 400 4486 ι)
418 4433 481 4490 pag.
491 4417 526 4474 28
545 4417 706 4490 (Plasberg.:
726 4418 790 4473 edit.
809 4432 872 4490 pag.
890 4419 923 4475 61
942 4433 993 4488 sq,
1011 4417 1055 4483 93,
1073 4417 1129 4487 97.)
1206 4447 1208 4452 -

377 4505 400 4576 ¹)
418 4506 571 4566 Krischlus:
593 4507 644 4563 184
662 4508 690 4562 et
704 4507 761 4563 186.

377 4597 389 4635 a

376 4598 400 4754 *ζ
417 4611 479 4740 ξίξ
490 4595 627 4757 glissblerg.
646 4685 689 4740 ed.
708 4685 758 4744 Ac.
776 4700 837 4758 pag.
856 4684 892 4741 59
910 4687 937 4740 in
956 4684 1115 4757 fragmentis
1133 4685 1194 4745 libri
1213 4687 1242 4743 ll.
1262 4687 1421 4743 numeravit.

376 4771 604 4846 bmffim
