3544 5320
783 345 961 404 ..59-

322 551 455 620 Deinde
488 551 709 638 Augustinus
744 569 950 638 quamquam
990 568 1054 617 nos
1091 567 1252 618 sensuum
1287 549 1367 616 visis
1403 549 1516 634 decipi

234 675 335 742 posse
359 659 535 734 concessit,
571 659 616 726 ita
640 658 762 744 pergit:
801 657 1036 742 „Quamquam
1072 657 1171 724 etiam
1208 673 1268 741 pro
1297 656 1381 742 ipsis
1406 657 1517 724 sensir

234 765 298 832 bus
322 766 425 832 multa
454 783 557 852 posse
581 765 647 833 dici
670 764 782 845 video,
807 783 894 850 quae
918 765 961 832 ab
985 763 1194 832 Academicis
1218 765 1418 850 reprehensa
1442 781 1512 830 non

234 871 433 942 invenimus.
492 870 601 940 Credo
636 872 725 939 enim
759 889 879 939 sensus
914 889 983 937 non
1018 871 1177 950 accusari,
1212 872 1265 937 vel
1300 869 1395 956 quod
1430 871 1515 936 inra-

232 977 423 1064 ginationes
457 979 558 1046 ialsas
593 979 739 1046 furentes
773 978 944 1065 patiuntur
976 978 1029 1045 vel
1065 975 1158 1062 quod
1192 977 1275 1044 falsa
1311 977 1346 1043 in
1381 977 1518 1044 somnis

232 1084 417 1152 videmus“.
465 1084 572 1152 Simili
600 1085 705 1153 modo
734 1086 834 1153 sentit
861 1085 1017 1152 Lucullus
1047 1083 1103 1152 Ac.
1132 1084 1156 1150 ll
1187 1084 1241 1151 19:
1274 1083 1372 1160 „Meo
1401 1088 1512 1151 autern

233 1190 357 1258 iudicio
373 1192 418 1259 ita
435 1195 485 1259 est
497 1190 642 1259 maxima
659 1192 693 1258 in
706 1192 862 1259 sensibus
874 1193 1003 1272 veritas,
1017 1191 1045 1258 si
1058 1194 1090 1258 et
1103 1191 1176 1258 sani
1190 1193 1269 1257 sunt
1280 1208 1319 1258 ac
1330 1191 1517 1258 valentes&

321 1297 373 1365 De
397 1298 450 1366 his
473 1300 494 1382 §
510 1298 553 1365 26
577 1299 760 1366 accuratius
776 1298 885 1384 agitur
900 1296 1153 1365 demonstrandi
1170 1315 1271 1366 causa
1288 1298 1391 1365 multa
1408 1314 1513 1382 posse

226 1405 368 1489 percipi,
381 1422 458 1472 curn
474 1404 617 1492 primum
630 1405 830 1492 praedicitur
843 1405 885 1473 de
897 1405 961 1472 illis
974 1423 1043 1471 non
1056 1423 1132 1472 esse
1144 1404 1363 1491 querendum.
1384 1403 1509 1471 ibidem

233 1512 354 1597 scripta
370 1513 462 1578 sunt:
483 1509 664 1589 „iniustum
678 1515 728 1579 est
741 1513 829 1578 enirn
844 1512 886 1578 ab
902 1512 951 1578 eis
968 1511 1128 1598 exigere
1145 1511 1222 1597 plus
1236 1529 1337 1597 quam
1352 1513 1516 1595 possunt:

233 1616 396 1704 quidquid
414 1622 523 1685 autem
541 1621 686 1704 possunt
701 1618 814 1686 videre
831 1619 929 1700 oculi,
950 1636 1065 1685 verum
1082 1617 1204 1685 vident.
1245 1617 1380 1704 Ergone
1395 1636 1513 1686 verum

225 1727 291 1805 est,
309 1724 402 1811 quod
419 1724 460 1792 de
484 1743 593 1794 remo
617 1726 652 1792 in
674 1743 763 1812 aqua
778 1726 915 1793 videnti
952 1725 1092 1792 Prorsus
1115 1743 1242 1792 verum.
1279 1723 1368 1791 Nam
1392 1742 1511 1806 causa

231 1831 408 1898 accedente
423 1849 525 1917 quare
541 1833 586 1899 ita
601 1832 777 1912 videretur,
803 1833 831 1899 si
855 1832 1029 1900 demersus
1050 1833 1140 1899 unda
1157 1849 1269 1899 remus
1284 1834 1393 1898 rectus
1409 1848 1517 1916 appa·

230 1941 323 2018 reret,
337 1938 445 2024 magis
457 1939 576 2006 oculos
588 1957 684 2007 meos
695 1939 800 2007 falsae
810 1939 1065 2007 renuntiationis
1076 1947 1279 2025 arguerem.“
1299 1938 1514 2020 Quibuscum

231 2045 259 2111 si
288 2045 557 2130 comparavimus
581 2045 754 2114 Ciceronis
777 2046 986 2127 Academica,
1015 2047 1078 2114 sub
1108 2046 1225 2113 oculos
1252 2045 1340 2112 cadit
1367 2044 1510 2140 eandem

232 2168 307 2218 esse
328 2150 446 2219 seriem
471 2170 579 2219 rerum
603 2153 637 2219 in
660 2153 809 2234 Lucullo,
834 2152 877 2220 de
901 2171 1062 2220 sensuum
1087 2153 1282 2239 cognitione
1306 2153 1372 2238 agi.
1412 2149 1516 2219 Simi-

226 2257 303 2326 liter
325 2261 426 2345 atque
450 2259 517 2327 illic
539 2259 634 2328 initio
657 2260 746 2328 iacto
769 2259 827 2328 Ac.
843 2257 873 2326 II
892 2260 946 2327 19:
975 2258 1175 2337 „Ordiamur
1190 2260 1290 2346 igitur
1305 2277 1325 2326 a
1340 2259 1509 2336 sensibus,

232 2381 374 2450 quorum
413 2365 458 2432 ita
495 2367 581 2434 clara
619 2367 742 2434 iudicia
778 2370 810 2434 et
844 2369 931 2434 certa
966 2370 1054 2445 sunt,
1094 2370 1139 2445 ut,
1178 2367 1206 2432 si
1241 2365 1336 2451 optio
1372 2369 1516 2433 naturae

230 2475 364 2538 nostrae
387 2472 490 2554 detur,
516 2476 548 2540 et
570 2475 613 2541 ab
638 2492 677 2541 ea
700 2473 785 2541 deus
809 2473 912 2558 aliqui
937 2473 1090 2558 requirat,
1114 2476 1316 2540 contentane
1339 2473 1381 2540 sit
1398 2523 1508 2539 .....

226 2578 388 2646 sensibus
415 2598 458 2646 an
486 2581 661 2666 postulet
689 2580 809 2648 melius
834 2578 968 2664 aliquid,
998 2597 1068 2647 non
1092 2578 1235 2659 videam,
1267 2578 1348 2665 quid
1373 2581 1516 2665 quaerat

230 2686 409 2771 amplius“,
433 2704 509 2754 cum
533 2687 697 2773 imprimis
722 2687 966 2754 animadvertas
987 2687 1042 2754 hic
1064 2704 1139 2754 esse
1163 2685 1348 2754 adhibitum
1370 2687 1508 2753 verbum

234 2793 441 2878 „postulare“
468 2812 529 2880 pro
550 2793 730 2881 Augustini
757 2794 942 2880 „exigere“,
966 2794 1124 2861 Lucullus
1148 2794 1222 2880 ipsc
1247 2811 1384 2879 quoque
1401 2793 1513 2879 primo

231 2900 386 2986 exemplo
410 2901 510 2968 utitur
531 2919 624 2968 remo
643 2901 694 2968 his
716 2901 842 2969 verbis:
870 2900 1054 2978 „Necvero
1071 2901 1227 2970 hocloco
1244 2900 1507 2986 exspectandum

226 3009 292 3086 est,
323 3006 403 3073 dum
435 3007 477 3074 de
504 3026 611 3075 remo
639 3008 764 3076 inflexo
792 3006 1037 3094 respondeam“
1069 3025 1180 3092 neque
1209 3005 1508 3075 demonstrandum

232 3129 307 3178 esse
330 3115 425 3198 putat
448 3131 569 3181 sensus
592 3133 669 3182 vera
693 3114 828 3192 sentire3
863 3133 952 3191 „non
976 3115 1099 3195 enim“,
1123 3115 1241 3199 inquit,
1268 3114 1316 3192 „is
1339 3131 1425 3193 sum,
1450 3113 1512 3199 qui

230 3217 398 3304 quidquid
427 3219 565 3300 videtur,
599 3222 666 3288 tale
694 3220 801 3288 dicam
831 3239 906 3288 esse
935 3221 1034 3306 quale
1057 3220 1238 3288 videatur“.
1283 3220 1374 3287 Licet
1408 3220 1514 3306 igitur·

232 3325 392 3410 suspicari
440 3344 480 3393 ex
525 3327 578 3394 his
621 3327 732 3395 verbis
770 3327 944 3394 Lucullum
991 3327 1080 3395 idem
1127 3330 1360 3414 argumentum
1409 3329 1509 3410 atque

230 3429 455 3519 Augustinum
480 3434 515 3500 in
540 3434 654 3502 animo
675 3433 844 3514 habuisse,
868 3435 921 3501 vel
945 3433 1057 3520 potius
1081 3435 1147 3502 hoc
1170 3434 1204 3502 in
1227 3434 1320 3501 tonte
1336 3432 1509 3502 Ciceronis

231 3539 405 3607 exstitisse.
451 3538 490 3606 Id
521 3540 602 3607 mibi
635 3540 773 3625 quidem
796 3541 956 3627 cognosci
988 3559 1091 3626 posse
1114 3541 1245 3608 videtur
1268 3541 1390 3619 exeis,
1419 3558 1513 3624 quae

231 3645 286 3712 bic
308 3646 428 3713 iisdem
452 3646 630 3714 adversarii
665 3647 944 3732 explicationibus
973 3648 1116 3734 opponit
1143 3647 1201 3715 Ac.
1218 3647 1242 3714 ll
1258 3648 1315 3714 81:
1343 3647 1508 3724 „Videsne

229 3770 350 3819 navem
369 3753 480 3819 illam?
497 3756 583 3821 stare
600 3754 700 3821 nobis
714 3753 859 3836 videtur;
876 3757 909 3821 at
922 3753 975 3849 iis,
989 3754 1048 3838 qui
1064 3755 1099 3821 in
1114 3772 1199 3822 nave
1215 3758 1304 3835 sunt,
1321 3753 1511 3840 moveri1)

229 3859 313 3925 haec
340 3859 427 3926 villa.
453 3877 575 3944 quaere
598 3859 808 3942 rationem,
833 3879 899 3928 cur
922 3861 966 3928 ita
988 3860 1153 3942 videatur;
1177 3879 1278 3945 quarn
1304 3865 1339 3928 ut
1362 3861 1512 3928 maxime

231 3964 397 4033 inveneris
400 4017 511 4046 .....
529 3986 598 4034 non
627 3970 662 4034 tu
689 3985 803 4034 verum
827 3971 946 4035 testem
971 3969 1103 4050 habere,
1133 3968 1194 4036 sed
1218 3987 1294 4036 eum
1320 3977 1397 4035 non
1421 3969 1507 4036 sine

229 4087 347 4139 causa
370 4073 491 4140 laisum
514 4074 742 4142 testimonium
768 4074 877 4142 dicere
893 4074 1089 4142 ostenderis.
1138 4074 1230 4157 Quid
1247 4093 1313 4161 ego
1335 4075 1377 4142 de
1399 4076 1506 4142 nave?

229 4178 297 4245 vidi
321 4179 410 4247 enim
434 4199 454 4247 a
476 4183 510 4247 te
533 4199 678 4248 remum
703 4181 904 4248 contemni‘.
945 4181 1097 4250 Ciceroni
1115 4183 1214 4269 igitur
1237 4181 1318 4249 illud
1340 4181 1509 4269 dogmati·v

231 4302 345 4352 corum
371 4291 604 4372 argumentum
629 4290 672 4356 ab
694 4287 885 4374 Augustino
909 4289 1056 4370 allatum,
1080 4307 1149 4373 quo
1174 4289 1355 4375 explicatur
1377 4307 1506 4356 remum

228 4408 300 4458 non
323 4393 396 4460 sine
421 4410 522 4460 causa
545 4394 580 4460 in
597 4411 684 4478 aqua
707 4395 844 4462 tractum
867 4394 981 4474 videri,
1006 4399 1123 4463 notum
1147 4395 1251 4463 luisse
1275 4399 1425 4482 apertum
1447 4399 1505 4462 est.

229 4495 306 4565 Hoc
330 4502 441 4566 autem
465 4502 614 4584 quonam
640 4500 706 4568 alio
729 4500 834 4568 modo
857 4501 929 4568 lieri
954 4502 1063 4587 potuit
1085 4502 1150 4568 nisi
1174 4501 1340 4569 Antiocho
1361 4501 1511 4583 auctore,

318 4745 342 4816 1)
360 4762 423 4819 pag.
442 4747 486 4803 61.
