3544 5320
777 435 955 494 ..35-

218 639 414 708 inimicitias
437 639 589 708 omniurn
614 639 704 708 falla·
759 638 820 708 sed
840 641 920 725 quia
944 658 1060 727 pacem
1085 641 1228 712 animis
1252 641 1376 710 adferat
1396 645 1428 709 et
1444 661 1504 720 eos

220 747 349 816 ciarum
367 749 399 813 et
416 796 423 812 .
438 797 445 810 .
460 795 468 812 .
486 747 583 831 quasi
596 746 629 813 in
646 764 703 814 re·
760 747 876 832 quasi
900 748 1118 816 concordia
1142 748 1311 833 quadam
1335 749 1443 835 placet
1466 767 1504 828 ac

219 853 385 939 gionem
410 871 507 920 suae
531 853 703 938 originis
759 853 870 923 leniat.

225 959 463 1027 rediens...
512 963 612 1045 atque
659 960 703 1026 ita
803 958 996 1028 inselil:
1034 962 1503 1047 ..,.posseanimos....in

216 1067 488 1152 temperantia
511 1066 602 1133 velut
624 1083 703 1132 con·
759 1065 887 1133 caelum
903 1068 1000 1152 quasi
1024 1067 1058 1135 in
1083 1066 1289 1136 domicilium
1312 1086 1411 1136 suum
1430 1087 1503 1155 per·

217 1173 303 1258 iuge
327 1176 462 1259 accepta
490 1175 702 1260 regnaturum
758 1173 884 1253 venire3
913 1173 958 1240 ib.
974 1174 1049 1242 143:
1085 1173 1233 1255 Accedit,
1257 1177 1350 1242 uteo
1374 1173 1503 1244 facilius

217 1297 299 1346 esse
338 1279 520 1364 praesumit
557 1279 704 1348 securior
758 1279 890 1346 animus
915 1281 1035 1349 evadat
1057 1299 1098 1350 ex
1121 1280 1187 1348 hoc
1209 1299 1306 1349 aere.
1322 1331 1356 1347 ..
1385 1299 1502 1366 quam

220 1385 387 1454 rediturus
411 1387 445 1453 irr
469 1385 609 1456 caelum.
757 1386 963 1473 regionem
994 1405 1071 1455 curn
1095 1387 1303 1473 superavit
1329 1387 1502 1468 animus;

757 1493 802 1559 ib.
833 1493 845 1559 l
879 1493 937 1560 66:
976 1492 1172 1561 Animorum
1209 1492 1299 1561 nulla
1337 1495 1371 1561 in
1408 1495 1502 1561 tenis

757 1599 872 1685 origo
897 1599 1037 1666 inveniri
1062 1602 1183 1685 potest.
1493 1597 1501 1616 ‘

311 1722 431 1807 Neque
454 1741 532 1790 vero
556 1725 667 1791 tantae
689 1742 764 1791 cum
782 1720 939 1809 quattuor
954 1723 1127 1792 Ciceronis
1150 1724 1233 1792 locis
1256 1723 1502 1805 similitudines,

217 1847 368 1914 quorum
385 1829 449 1897 hoc
465 1847 534 1896 uno
549 1832 691 1911 tantum,
707 1829 804 1898 Tusc.
822 1830 900 1910 143,
917 1831 997 1898 satis
1014 1831 1259 1899 demonstratur
1273 1830 1502 1917 Augustinum

224 1935 349 2003 ibidem
379 1954 448 2003 non
478 1936 587 2003 solum
603 1937 794 2004 'sententias
817 1936 878 2004 sed
908 1937 1006 2005 etiam
1030 1938 1131 2005 verba
1166 1936 1255 2005 illius
1290 1938 1423 2017 referre,
1458 1939 1502 2004 ita

216 2042 372 2128 intellegi
393 2045 544 2129 possunt,
568 2046 604 2109 ut
627 2043 672 2110 illi
697 2044 743 2110 ob
766 2044 909 2110 auctoris
932 2044 1049 2111 oculos
1073 2044 1138 2129 ipsi
1153 2045 1275 2111 versati
1299 2044 1374 2113 sint.
1414 2043 1501 2111 Cum

218 2149 347 2217 :similia
370 2148 537 2234 quaedam
562 2168 590 2216 c.
606 2149 744 2217 Ac.123
768 2150 986 2230 inveniantur,
1011 2150 1045 2217 in
1070 2151 1239 2219 Hortensii
1268 2153 1501 2237 argumentum

216 2255 450 2342 Augustinum
475 2257 636 2324 hocloco
661 2255 764 2324 relabi
789 2257 951 2342 suspicor.

313 2362 503 2431 Similitudo
543 2367 652 2430 autem
688 2364 754 2430 veri
794 2363 968 2449 paululum
1007 2364 1194 2432 intermissa
1238 2364 1348 2431 statim
1387 2367 1500 2432 retrac-

215 2472 323 2551 tatur,
353 2469 489 2537 namin
525 2471 611 2554 §24
645 2469 786 2557 Alypius
826 2471 860 2538 in
898 2470 1093 2538 memoriam
1132 2473 1265 2538 revocat
1302 2469 1500 2539 Ciceronem

223 2577 454 2657 admonuisse,
493 2596 536 2645 ne
574 2577 608 2643 in
643 2579 820 2645 verborum
855 2577 1116 2645 controversiam
1151 2577 1368 2645 incidendum
1403 2581 1500 2658 esset,

222 2683 336 2771 itaque
359 2702 430 2751 non
453 2685 551 2752 licere
572 2683 793 2752 Academicos
817 2702 1025 2770 oppugnare,
1065 2685 1122 2770 qui
1145 2684 1323 2752 verisimile
1357 2703 1500 2769 sequan-

216 2793 286 2870 tur,
319 2788 412 2876 quod
447 2791 488 2858 ab
523 2791 571 2857 eis
606 2791 704 2858 etiam
744 2791 919 2876 probabile
957 2791 1158 2858 nominetur.
1225 2790 1331 2858 Valde
1366 2791 1501 2859 interest

218 2901 374 2967 accurate
397 2897 572 2983 inspicere,
597 2916 683 2984 quae
713 2901 783 2964 tum
807 2897 1015 2984 Augustinus
1043 2898 1260 2983 respondeat:
1294 2898 1405 2978 „Non
1442 2905 1502 2965 est

218 3004 287 3071 ¹ista
325 3006 548 3085 verborum,
599 3003 669 3071 sed
710 3022 838 3070 rerum
878 3005 1024 3089 ipsarum
1064 3023 1205 3090 magna
1244 3005 1500 3072 controversia“.

218 3110 355 3178 florum
380 3111 547 3179 simillima
571 3111 672 3178 nobis
694 3114 870 3178 occurrunt
892 3111 933 3177 N.
950 3111 1078 3182 Deor.l
1098 3113 1152 3178 16:
1189 3111 1303 3192 „Haec
1326 3115 1388 3179 est
1411 3112 1500 3177 enim

225 3236 303 3284 norr
350 3219 559 3285 verborum
606 3235 721 3302 parva,
767 3217 837 3284 sed
876 3235 1003 3284 rerum
1043 3236 1260 3304 permagna
1299 3218 1500 3285 dissensio.“

219 3322 418 3408 Sequuntur
440 3323 653 3392 c.Ac.1124:
683 3324 782 3405 „Non
810 3323 899 3390 enim
929 3324 1004 3391 illos
1027 3324 1116 3391 viros
1140 3343 1200 3393 eos
1226 3324 1330 3392 fuisse
1355 3325 1500 3404 arbitror,

222 3432 284 3516 qui
316 3433 416 3499 rebus
448 3431 612 3499 nescirent
640 3430 777 3498 nomina
806 3431 995 3516 imponere;
1031 3428 1091 3497 sed
1119 3430 1201 3497 mihi
1228 3429 1310 3497 haec
1337 3430 1501 3498 vocabula

225 3537 379 3605 videntur
406 3538 548 3624 elegisse
576 3540 609 3605 et
638 3537 679 3604 ad
708 3536 984 3604 occultandam
1017 3537 1217 3604 tardioribus
1245 3539 1277 3603 et
1304 3537 1346 3607 ad
1376 3538 1500 3624 signi·

223 3644 428 3712 ficandam
456 3645 724 3730 vigilantioribus
752 3644 993 3710 sententiam
1023 3662 1143 3710 suam.
1200 3642 1304 3725 Quod
1338 3662 1441 3726 quare
1470 3648 1502 3712 et

217 3750 399 3836 quomodo
434 3751 514 3817 milri
549 3750 712 3830 videatur,
750 3769 933 3835 exponam,
976 3769 1051 3818 cum
1087 3751 1178 3836 prius
1209 3750 1265 3817 illa
1301 3751 1500 3831 discussero,

219 3875 325 3942 quae
364 3858 410 3925 ab
449 3857 507 3924 eis
548 3859 747 3941 tamquam
793 3857 1040 3943 cognitionis
1087 3858 1281 3925 humanae
1328 3847 1501 3925 inimicis

219 3963 311 4032 dicta
335 3964 490 4031 homines
514 3966 632 4048 putant
656 4015 663 4030 .
689 4015 696 4028 .
722 4015 729 4030 .
760 3963 900 4048 Siquid
928 3967 978 4031 est
1005 3966 1128 4043 autem,
1157 3963 1249 4048 quod
1274 3983 1364 4031 nunc
1387 3965 1501 4049 dispu-

221 4071 382 4150 tabimus,
407 4069 567 4137 adversus
591 4089 651 4138 eos
675 4071 744 4150 erit,
774 4071 842 4155 qui
865 4070 1127 4138 Academicos
1152 4071 1377 4139 inventioni
1400 4072 1500 4138 veri.-

224 4177 321 4245 tatis
345 4175 537 4245 adversos
560 4177 684 4245 fuisse
708 4175 993 4248 crediderumt
1040 4177 1257 4264 Exspectares
1273 4177 1500 4264 Augustinum

221 4284 268 4351 ab
293 4283 480 4351 adversario
508 4284 745 4369 vituperatum,
775 4282 868 4368 quod
898 4269 1118 4352 Academicos
1145 4285 1248 4352 verbo
1280 4285 1500 4366 ,‚verisimile“

227 4390 373 4458 refellere
397 4389 595 4470 studuisset,
623 4391 675 4457 sui
705 4390 907 4457 defendendi
931 4408 1032 4458 causa
1056 4391 1173 4459 iterum
1203 4394 1315 4459 contra
1344 4410 1404 4458 eos
1434 4391 1501 4459 dic·

217 4499 335 4563 turum
360 4514 445 4564 esse.
493 4497 598 4565 lmmo
628 4497 848 4583 patrocinium
872 4496 1022 4582 ipsorum
1047 4516 1124 4565 eum
1155 4499 1325 4583 suscipere
1353 4497 1502 4564 animad-

225 4604 394 4682 vertimus,
422 4620 499 4671 cum
530 4603 722 4689 profiteatur
749 4621 808 4671 eos
833 4605 929 4688 aptos
956 4602 1059 4670 fuisse
1082 4603 1181 4683 viros,
1211 4605 1268 4688 qui
1298 4604 1397 4671 rebus
1425 4606 1502 4689 apta

227 4710 440 4796 imponerent
458 4711 607 4777 nomina.
646 4709 810 4794 Imprimis
834 4727 875 4776 ex
897 4711 1017 4789 verbis,
1043 4728 1151 4795 „quae
1167 4713 1210 4778 ab
1232 4711 1280 4777 eis
1303 4713 1501 4795 tamquam

221 4817 431 4902 cognitionis
456 4817 625 4884 humanae
650 4817 812 4883 inimicis“
841 4819 873 4882 et
902 4813 1017 4901 „quod
1046 4835 1136 4882 nunc
1159 4815 1416 4902 disputabimus,
1445 4816 1503 4883 ad·

1395 4954 1422 4998 3*
