3544 5320
227 1015 403 1204 Contra
433 1053 654 1123 Academicos
687 1056 880 1143 disputandi
912 1056 1074 1126 rationem
1108 1058 1151 1126 ab
1183 1057 1374 1146 Augustino
1409 1061 1505 1128 libris

329 1164 442 1229 contra
466 1159 572 1229 Acad.
594 1161 630 1228 111
658 1162 840 1231 adhibitam
872 1163 1029 1232 Lucullus
1067 1167 1100 1232 et
1126 1165 1230 1233 Varro
1259 1167 1294 1234 in
1328 1165 1499 1235 Ciceronis

221 1265 433 1335 Academicis
454 1270 488 1335 et
507 1271 584 1336 ante
605 1287 665 1336 eos
685 1268 883 1351 Antiochus,
908 1269 945 1338 ut
964 1270 1147 1362 identidem
1164 1273 1199 1339 in
1219 1264 1396 1351 ,Lucuttot
1411 1265 1503 1342 libro

221 1374 414 1454 attirmatur,
432 1375 575 1462 ingressi
592 1379 693 1443 erant.
732 1376 846 1463 ltaque
867 1376 960 1463 quod
979 1376 1190 1464 Augustinus
1206 1379 1338 1446 illorum
1354 1381 1500 1448 virorum

223 1481 404 1549 sententias
432 1481 673 1550 nihilsciendi
696 1485 729 1550 et
752 1483 835 1551 nihil
859 1483 1074 1566 assentiendi,
1103 1503 1188 1571 quas
1217 1504 1278 1553 sua
1302 1489 1409 1554 aetate
1432 1487 1499 1555 iam

220 1586 351 1675 'pridem
379 1587 484 1655 tuisse
515 1587 694 1657 exstinctas
718 1607 745 1658 c.
769 1589 884 1658 Aetli
908 1592 947 1658 ll
978 1592 1171 1677 proclamat,
1208 1593 1350 1660 refutare
1378 1593 1501 1674 studet,

219 1711 334 1780 neque
367 1696 448 1763 novt
476 1694 660 1781 quicquam
692 1696 828 1764 motitur
860 1700 892 1765 et
926 1701 1123 1784 argumenta
1156 1699 1292 1767 alterius
1325 1698 1500 1767 cuiusdam
1532 1718 1535 1724 ·

221 1801 365 1869 auctoris
396 1801 460 1870 illis
493 1802 709 1887 temporibus
737 1803 850 1871 litteris
885 1805 1067 1890 perscripta
1103 1805 1146 1873 ab
1182 1823 1224 1873 eo
1260 1805 1397 1892 proferri
1431 1807 1499 1874 veri

219 1907 330 1975 simite
353 1911 414 1976 est.
452 1908 571 1995 Nugas
594 1913 707 1977 autem
729 1928 748 1977 a
768 1927 805 1977 se
825 1928 1006 2003 oppressas
1028 1929 1103 1979 cum
1125 1912 1159 1978 in
1181 1910 1353 1980 Ciceronis
1372 1911 1499 1981 Acade·

220 2015 317 2082 micis
340 2015 444 2083 tuisse
468 2016 542 2101 ipse
567 2016 690 2084 indicet
714 2035 742 2084 c.
768 2016 827 2086 Ac.
848 2017 945 2086 11145
968 2037 1080 2104 neque
1103 2019 1168 2086 loci
1192 2020 1312 2086 horum
1336 2019 1496 2088 librorum

221 2139 248 2188 c.
263 2120 323 2191 Ac.
340 2121 365 2189 ll
388 2121 431 2190 26
455 2125 487 2191 et
508 2123 545 2190 111
572 2123 613 2191 15
631 2141 682 2209 sq.
708 2123 796 2191 allati
821 2125 854 2191 in
877 2124 1088 2193 Academicis
1112 2127 1250 2193 servatis
1273 2126 1495 2208 inveniantur,

219 2228 377 2315 colligere
403 2241 546 2297 necesse
572 2233 624 2297 est
651 2230 890 2316 explicationes
920 2229 1100 2318 Augustini
1124 2237 1165 2300 e‘x
1187 2233 1328 2318 perditis·
1344 2234 1497 2321 partibus

221 2336 356 2404 haustas
390 2341 477 2405 esse.
535 2335 615 2404 lnde
650 2337 821 2410 Krischius
832 2337 866 2422 ¹),
904 2339 961 2425 qui
996 2339 1124 2425 primus
1157 2341 1377 2408 recentiorum
1412 2340 1499 2409 hanc

220 2443 390 2510 materiam
424 2443 575 2511 tractavit
601 2446 635 2511 et
661 2444 765 2512 libros
793 2443 968 2513 Tullianos
1000 2445 1146 2514 'amissos
1179 2447 1351 2515 restituere
1383 2432 1498 2516 elabo-

220 2547 346 2634 ravit2),
370 2551 550 2635 perstrictis
572 2548 745 2619 Ciceronis
765 2551 970 2637 quibusdam
992 2553 1177 2633 sententiis,
1202 2571 1288 2639 quas
1307 2559 1383 2622 cum
1406 2554 1497 2622 simi·

219 2657 309 2724 libus
332 2656 367 2724 in
390 2655 570 2743 Augustini
593 2656 687 2725 libris
710 2658 897 2744 explanatis
920 2659 1137 2744 comparavit,
1172 2661 1263 2728 hunc
1290 2658 1497 2729 Academicis

219 2763 337 2848 eisque
380 2763 623 2848 posterioribus
647 2783 766 2832 ‘usum
807 2783 886 2833 esse
928 2785 961 2852 p.
1002 2765 1065 2833 180
1091 2784 1166 2852 sqq.
1207 2768 1397 2852 suspicatus
1436 2763 1496 2836 est.

218 2868 436 2955 Quamquam
471 2879 592 2957 graves
624 2889 746 2939 causae
780 2870 917 2940 deerant
943 2873 1010 2940 hoc
1040 2873 1113 2940 lieri
1147 2873 1299 2960 potuisse
1338 2875 1497 2960 negandi,

217 2979 330 3044 tamen
354 2976 587 3046 doctissimum
617 2978 710 3045 illum
739 2978 846 3046 virum
876 2979 1038 3065 opinione
1066 2997 1128 3047 sua
1157 2979 1292 3066 longius
1316 2998 1392 3048 esse
1416 2999 1491 3067 pro-

216 3100 370 3169 gressum
396 3083 544 3170 intellegi
569 3087 680 3171 potest
703 3102 745 3151 ex
767 3085 881 3153 libello
898 3083 1128 3172 ohlmamnt),
1151 3087 1210 3172 qui
1234 3086 1354 3155 librum
1379 3086 1494 3156 contra

218 3187 278 3257 Ac.
299 3189 321 3256 1.
350 3190 515 3277 imprimis
542 3191 687 3258 excussit
713 3194 814 3278 atque
834 3190 1060 3278 Augustinum
1085 3193 1175 3260 hunc
1197 3192 1319 3261 librum
1343 3195 1497 3262 hausisse

217 3295 259 3364 de
284 3295 457 3365 Ciceronis
483 3296 665 3366 Hortensio
701 3298 838 3384 dialogo
866 3298 1010 3367 dilucide
1038 3300 1288 3368 demonstravit
1335 3301 1401 3370 Sed
1430 3302 1495 3370 alia

217 3411 355 3490 quoque
389 3423 432 3472 ex
467 3404 594 3472 ratione
634 3423 703 3472 rem
738 3405 773 3472 in
807 3404 912 3473 dubio
947 3407 1070 3474 versari
1098 3410 1191 3493 puto.
1249 3407 1381 3475 Etenim
1417 3427 1493 3476 curn

216 3511 376 3580 editionis
405 3511 525 3598 prioris
553 3511 634 3579 alter
661 3511 754 3593 liber,
784 3512 842 3598 qui
865 3512 1022 3580 Lucullus
1045 3513 1243 3595 inscribitur,
1268 3518 1417 3583 servatus
1441 3517 1493 3597 sit,

215 3619 437 3707 'posteriorum
464 3637 545 3687 vero
565 3617 843 3686 Academicorum
867 3619 910 3686 tV
932 3619 1014 3686 nihil
1042 3620 1108 3688 nisi
1132 3621 1239 3688 maior
1263 3640 1346 3706 pars·
1363 3622 1438 3689 libri
1461 3622 1495 3704 1.,

215 3727 324 3795 elucet
338 3726 443 3794 totius
460 3725 642 3794 voluminis
657 3725 793 3817 tertiam
803 3728 930 3813 partem
946 3725 1000 3793 vel
1017 3726 1093 3812 plus
1109 3729 1210 3814 plane
1227 3746 1302 3796 esse
1322 3729 1491 3797 amissam.

214 3831 327 3900 Facile
354 3832 457 3919 igitur
483 3831 694 3919 Augustinus
724 3849 775 3914 ea,
807 3851 894 3919 quae
921 3831 1048 3901 Luculli
1081 3833 1342 3920 explicationem
1372 3836 1495 3903 similia

215 3940 361 4024 praebet,
378 3939 421 4007 ab
437 3940 570 4021 eodem,
586 3943 694 4007 cetera
710 3939 825 4007 omnia
842 3958 861 4007 a
878 3938 999 4008 Catulo
1016 3939 1145 4026 perdito
1162 3936 1305 4010 mutuari
1321 3941 1440 4028 potuit,
1457 3944 1494 4010 ut

215 4045 397 4114 editionem
413 4047 632 4134 posteriorem
650 4046 684 4114 in
700 4046 774 4113 eius
789 4046 945 4115 manibus
961 4047 1063 4114 tuisse
1080 4045 1209 4133 opinari
1230 4068 1299 4117 non
1321 4067 1493 4136 cogamur.

214 4152 346 4220 Deinde
370 4153 524 4239 quamvis
551 4172 621 4222 non
649 4154 692 4222 sit
706 4181 707 4186 ¹
720 4153 986 4251 addubitandum
1015 4153 1214 4224 Academica
1237 4157 1341 4225 luisse
1363 4157 1490 4224 tontem

213 4257 404 4345 Augustini,
430 4263 529 4329 ‘certe
556 4279 599 4329 ne
621 4260 656 4330 id
681 4261 829 4347 quidem,
864 4261 957 4348 quod
981 4261 1223 4348 Hamacniuso
1246 4264 1337 4346 dixit,
1367 4283 1445 4331 eum
1470 4283 1489 4333 a

241 4503 248 4509 .
305 4436 327 4506 ¹)
345 4435 441 4494 Studia
459 4438 583 4512 Gotting.
596 4454 619 4496 a
635 4439 713 4496 1845.
769 4440 774 4445 ”

309 4528 333 4594 2)
350 4527 367 4583 l.
387 4542 411 4583 a.
429 4543 491 4600 pag.
513 4527 632 4599 145sqq.
652 4530 681 4585 et
701 4529 752 4587 170
762 4545 831 4601 sqq..

221 4619 224 4634 '
306 4617 329 4686 ³)
348 4615 381 4672 D.
401 4615 551 4672 Ohtmann:
583 4617 640 4682 ,De
663 4617 691 4682 S.
710 4619 856 4692 Augustini
878 4617 1005 4690 Dialogis
1032 4619 1059 4672 in
1081 4617 1236 4674 cassiciaco
1259 4620 1400 4694 scriptis‘,'
1420 4617 1493 4674 Diss.

215 4705 454 4778 Argentoratensis
475 4707 551 4763 1897.
1008 4763 1010 4775 ,

306 4794 332 4864 *J
351 4794 384 4850 A.
397 4794 536 4858 Hamaclr:
559 4795 668 4862 ‚Reden
686 4797 744 4852 und
761 4795 924 4863 nufsuze·;
942 4796 1004 4852 Vol.
1017 4795 1027 4851 1
1042 4796 1064 4851 l.
1092 4795 1218 4872 oressae
1239 4796 1316 4852 1904.
