3544 5320
867 421 1044 480 „gg-

318 623 352 690 in
380 624 465 691 libro
492 621 527 705 I.,
564 624 719 692 Lucullus
747 625 781 690 in
810 625 894 692 libro
918 621 969 705 II,
1006 625 1133 711 priores
1158 625 1344 706 alterantur,
1379 625 1493 692 tertius
1515 641 1602 691 vero

318 730 453 797 demum
479 730 689 811 Hortensius,
723 731 780 816 qui
804 749 840 799 se
868 749 907 798 ea
931 731 1046 812 modo,
1085 750 1191 817 ,quae
1221 733 1255 798 ln
1284 735 1442 818 promptu
1471 734 1597 810 erant“,

318 836 453 915 dixisse,
484 856 522 915 ,a
547 838 684 905 Lucullo
709 843 820 906 autem
845 838 1066 905 reconditiora
1090 838 1297 906 desiderare“
1324 834 1432 905 Acii
1456 838 1496 904 10
1519 854 1596 922 pro·

319 945 457 1011 nuntiat.
503 944 689 1012 Maximum
715 948 824 1012 autem
847 948 1057 1012 momentum
1085 945 1195 1024 habet,
1231 945 1324 1027 quod
1348 944 1390 1011 ad
1427 943 1492 1011 nn.
1516 939 1597 1010 XIII

321 1050 371 1130 12,
391 1051 411 1117 3
435 1051 593 1136 scriptum
618 1055 682 1118 est:
721 1050 829 1137 ,Ergo
860 1052 950 1118 illam
978 1049 1228 1140 Ἀκαρημαϊκήν,
1263 1051 1297 1116 in
1326 1068 1393 1135 qua
1428 1051 1600 1129 homines,

317 1157 449 1224 nobiles
480 1157 538 1232 illi¹
555 1157 702 1241 quidem,
735 1158 795 1225 sed
824 1159 918 1224 nullo
947 1158 1051 1225 modo
1080 1157 1256 1243 philologi,
1292 1157 1392 1224 nimis
1423 1160 1518 1224 acute
1547 1158 1601 1224 lo·

319 1267 474 1347 quuntur,
499 1264 542 1331 ad
557 1263 741 1331 Vanonem
763 1264 1011 1334 transieramus.
1051 1263 1182 1331 Etenim
1202 1267 1280 1331 sunt
1296 1262 1483 1347 Ἀντιόχεια,
1507 1277 1601 1347 quae

318 1371 380 1438 iste
410 1371 510 1438 valde
544 1372 673 1457 probat.
737 1369 879 1438 Catulo
914 1373 954 1437 et
988 1370 1153 1438 Lucullo
1188 1371 1286 1438 alibi
1323 1377 1601 1456 reponemus“..

318 1476 407 1563 Ergo
429 1475 533 1544 Varro
558 1479 651 1545 solus
675 1479 833 1563 suscepit,
858 1493 945 1562 quae
969 1481 1066 1544 antea
1090 1475 1230 1545 Catulus
1249 1467 1288 1544 'et
1311 1476 1468 1546 Lucullus
1492 1476 1596 1562 expli-

318 1586 483 1651 caverunt.
530 1581 646 1669 Itaoue
669 1584 724 1651 ille
749 1601 887 1669 quoque
909 1581 1065 1651 Antiochi
1089 1586 1198 1669 partes
1223 1587 1357 1652 secutus
1381 1587 1441 1651 est.

408 1688 501 1757 Haec
530 1690 706 1771 sullicianl,
743 1694 779 1758 ut
812 1689 970 1758 Catulum
1006 1708 1076 1757 non
1108 1687 1298 1757 Academici
1331 1690 1504 1758 cuiusdam
1536 1689 1601 1757 sed

318 1796 585 1882 dogmaticorum
603 1797 764 1865 rollonem
794 1801 945 1865 secutum
962 1814 1039 1864 esse
1055 1800 1287 1882 cognoscatur.
1327 1795 1482 1865 Ceterum
1505 1796 1595 1863 haud

318 1903 389 1970 scio
420 1897 602 1987 quomodo
622 1902 792 1975 Krischius
822 1904 866 1984 id,
895 1903 988 1988 quod
1013 1922 1090 1989 pag.
1119 1903 1180 1970 133
1205 1903 1293 1983 dicit,
1329 1902 1526 1972 Ciceronem
1561 1903 1602 1968 in.

318 2008 466 2077 editione
510 2011 693 2096 posteriore
731 2028 905 2079 sermones
947 2008 1056 2077 Catuli
1096 2012 1129 2076 et
1166 2009 1294 2076 Luculli
1332 2010 1374 2077 ad
1412 2009 1600 2076 Varronem

317 2115 536 2197 transtulisse,
572 2117 778 2202 coniungere
801 2117 880 2185 velit
907 2135 982 2184 cum
1012 2116 1112 2183 altera
1140 2116 1307 2184 sententia
1335 2135 1412 2203 pag.
1439 2118 1499 2183 147
1521 2132 1605 2200 sqq..

317 2223 505 2309 explanata,
530 2241 596 2306 qua
621 2221 759 2290 Catulus
784 2242 802 2291 a
827 2222 1000 2291 Carneade
1024 2223 1155 2290 stetisse
1180 2222 1308 2290 dicitur.
