3544 5320
823 364 999 432 rffl-

266 570 466 654 sententiam
479 570 596 637 tollere
610 570 873 637 demonstratum
888 572 985 648 esset,
1000 569 1054 637 ille
1071 571 1258 656 sapientem
1274 570 1357 639 scire
1372 571 1545 638 veritatem

266 678 402 744 coactus
426 675 608 743 concedere
633 676 757 742 nullam
779 677 877 742 aliam
902 676 1109 744 defensionis
1130 678 1294 745 rationem
1315 677 1452 757 invenit,
1480 677 1545 744 nisi

267 786 313 861 ut,
330 782 422 866 quod
439 801 515 850 vere
531 783 698 860 sentirent,
716 783 844 850 celasse
860 782 1078 851 Academicos
1094 784 1309 869 profiteretur.
1342 783 1475 866 Quodsi
1492 802 1546 851 res

267 889 301 954 in
326 887 444 957 Catulo
474 892 628 956 tractatae
650 887 755 956 Acll
777 889 821 956 27
848 907 922 974 sqq.
952 892 1153 974 repetuntur,
1183 891 1249 958 hoc
1271 891 1355 957 nihil
1378 891 1458 957 novi
1481 893 1545 957 est:

267 995 346 1062 talia
363 1014 464 1081 saepe
481 996 572 1082 apud
589 994 785 1064 Ciceronem
802 996 955 1081 reperies.
994 995 1071 1063 Non
1089 998 1139 1063 est
1155 996 1264 1082 igitur,
1282 1014 1339 1064 cur
1355 997 1428 1063 illas
1444 998 1487 1080 ἧς
1506 997 1542 1062 11

267 1105 300 1170 et
319 1103 357 1169 12
375 1107 576 1189 partescum
593 1102 652 1171 Ac.
667 1100 697 1170 Π
711 1103 755 1170 27
772 1120 847 1187 sqq.
871 1105 1095 1189 congruentes
1118 1121 1159 1170 ex
1180 1103 1266 1170 libro
1283 1102 1386 1171 Acad.
1403 1107 1490 1189 post.
1506 1099 1545 1168 Il.

268 1209 466 1294 profluxisse
490 1228 665 1295 negemus.

356 1334 454 1402 Nunc
478 1334 512 1401 id
529 1353 665 1420 quoque
682 1334 927 1420 intellegemus,
952 1335 1045 1419 quod
1061 1333 1271 1420 Augustinus
1289 1335 1546 1420 dispositionem
1578 1363 1581 1369 ·

267 1442 302 1510 in
326 1438 355 1508 ΙΙ
377 1441 421 1508 24
455 1442 702 1527 pronuntiatam
732 1438 827 1508 1130
857 1441 1089 1509 commutavit:
1125 1439 1256 1508 Etenim
1293 1443 1364 1507 tum
1400 1441 1547 1519 demum,

268 1551 460 1633 postquam,
496 1550 532 1614 ut
566 1549 751 1634 sapientem
782 1547 953 1615 veritatem
989 1549 1158 1632 percipere
1193 1547 1436 1626 confiterentur,
1472 1546 1548 1614 illos

177 1666 178 1669 ’
269 1655 398 1741 pressit,
434 1672 493 1723 eos
528 1672 599 1722 non
633 1655 739 1722 fuisse
773 1654 931 1722 adversos
970 1653 1155 1721 inventioni
1189 1654 1334 1721 veritatis
1373 1654 1549 1721 ostendere

269 1762 386 1845 potuit.

359 1867 499 1942 Revera
522 1870 632 1935 autem
658 1871 826 1937 auctorem
851 1867 1130 1952 explicationibus
1154 1866 1227 1933 libri
1243 1863 1308 1946 ΠΙ.,
1333 1885 1419 1950 quas
1443 1867 1548 1934 modo

270 1975 462 2060 perscrutati
502 1993 630 2054 sumus,
669 1974 840 2043 Ciceronis
875 1973 1058 2042 sententias
1096 1973 1234 2040 reddere
1271 1993 1312 2039 ex
1350 1974 1402 2040 his
1439 1973 1550 2041 verbis

271 2101 296 2149 c.
318 2081 378 2150 Ac.
397 2079 441 2148 ΙΙΙ
467 2083 506 2149 ll
530 2085 681 2167 apparet:
720 2080 866 2158 „Tamen
901 2099 944 2148 ne
968 2086 1025 2147 aut
1047 2079 1325 2148 Academicorum
1355 2082 1551 2166 argumenta

271 2189 436 2272 quasdam
465 2190 606 2257 nebulas
630 2189 805 2256 videantur
828 2188 1003 2255 offundere
1026 2190 1083 2254 aut
1106 2186 1378 2254 doctissimorum
1404 2187 1550 2254 virorum

271 2296 466 2374 auctoritati,
495 2297 597 2363 inter
624 2314 725 2380 quos
754 2295 920 2363 maxime
948 2293 1109 2362 Tullius
1136 2313 1206 2361 non
1235 2311 1369 2361 movere
1393 2312 1457 2360 nos
1481 2313 1550 2360 non

272 2405 394 2486 potest,
411 2404 554 2487 superbe
571 2403 741 2470 nonnullis
759 2403 910 2469 resistere
926 2401 1109 2480 videamur,
1127 2451 1134 2466 .
1153 2451 1160 2466 .
1179 2452 1186 2466 .
1204 2401 1296 2486 prius
1312 2417 1420 2485 pauca
1436 2403 1550 2468 contra

272 2527 333 2576 eos
351 2508 522 2590 disseram,
544 2510 667 2594 quibus
686 2510 840 2577 videntur
857 2508 1102 2594 disputationes
1119 2508 1193 2574 illae
1210 2507 1376 2575 adversari
1391 2507 1551 2574 veritati“.

277 2614 363 2694 ,Illis
399 2616 702 2701 disputationibus“
741 2635 791 2695 ea,
827 2633 914 2700 quae
950 2616 1180 2701 superioribus
1211 2613 1430 2700 paragraphis
1460 2617 1554 2681 erant

273 2722 460 2808 explanata,
489 2725 629 2808 spectari
645 2724 740 2790 umihi
768 2723 905 2806 quidem
934 2721 1116 2788 dilucidum
1147 2724 1206 2788 est.
1252 2717 1369 2804 Itaque
1397 2738 1472 2786 cum
1497 2720 1553 2787 ille

273 2830 407 2908 veritus,
443 2848 486 2896 ne
522 2827 693 2898 Ciceronis
722 2829 914 2896 auctoritati
950 2845 1137 2914 repugnare
1171 2827 1333 2906 videatur,
1374 2826 1448 2894 illas
1485 2826 1555 2894 dis-3

274 2937 465 3022 putationes
493 2954 562 3008 non
592 2937 766 3004 abhorrere
797 2956 816 3003 a
846 2935 982 3003 veritate
1013 2935 1178 3002 declarare
1210 2935 1244 3000 in
1275 2934 1390 3001 animo
1421 2933 1555 3012 habeat,

274 3043 326 3110 his
342 3041 439 3110 Tullii
464 3044 646 3111 sententias
669 3043 830 3110 contineri
855 3043 928 3129 ipse
952 3042 1134 3128 profitetur.
1173 3040 1293 3125 Neque
1309 3057 1389 3107 vero
1406 3040 1553 3107 bociam

274 3151 433 3233 sequitur,
450 3168 525 3216 cum
543 3151 577 3217 in
593 3151 614 3233 §
631 3149 670 3216 15
686 3150 716 3216 ei
734 3149 920 3217 describere
936 3150 1074 3235 placeat,
1095 3147 1213 3231 ,quale
1227 3147 1269 3214 sit
1286 3146 1376 3213 unde
1389 3149 1557 3213 amatores

274 3255 550 3324 Academicorum
586 3256 718 3342 gloriari
752 3257 892 3323 nimium
929 3257 1069 3323 solent.“
1130 3253 1238 3320 Huius
1273 3252 1338 3320 loci
1372 3253 1556 3320 sententias

276 3363 429 3448 quamvis
468 3363 609 3431 breviter
647 3363 851 3449 significatas
887 3363 921 3429 in
956 3361 1014 3430 Ac.
1037 3359 1067 3428 II
1090 3361 1121 3438 7,
1150 3360 1189 3427 id
1224 3363 1274 3427 est
1309 3361 1343 3426 in
1378 3359 1556 3446 prooemio

277 3468 376 3535 huius
400 3469 485 3550 libri,
510 3469 650 3538 inveniri
674 3470 740 3536 iam
765 3487 866 3555 supra
891 3488 969 3557 pag.
990 3470 1034 3536 47
1057 3467 1285 3553 comparando
1310 3467 1556 3533 constituimus.

276 3575 467 3655 Sumamus,
497 3576 589 3660 quod
618 3574 822 3661 Krischius1)
852 3577 1018 3662 opinatur,
1047 3575 1082 3640 in
1110 3574 1194 3642 libro
1218 3570 1257 3639 H.
1281 3571 1339 3640 Ac.
1373 3576 1463 3658 post..
1491 3572 1558 3640 hoc

274 3683 498 3769 fragmentum
515 3683 630 3750 fuisse.
669 3683 705 3751 Si
729 3683 773 3749 ita
790 3686 890 3763 esset,
915 3685 947 3749 et
970 3683 1004 3748 in
1021 3680 1142 3749 Catulo
1167 3679 1256 3747 idem
1274 3697 1348 3746 esse
1364 3680 1556 3764 expositum

276 3787 473 3858 concludas.¹
514 3788 557 3857 At
589 3788 754 3870 Ciceroni,
783 3789 877 3874 quod
906 3788 964 3856 Ac.
987 3785 1017 3854 ll
1041 3787 1095 3872 7²)
1124 3785 1558 3871 quibusdamAcademiae

277 3896 414 3963 rationis
438 3895 734 3980 reprehensoribus
757 3895 948 3981 respondet,
979 3895 1035 3961 vix
1067 3893 1291 3961 necessarium
1315 3893 1424 3960 visum
1457 3896 1558 3973 esset,

276 4003 305 4070 si
327 4001 546 4070 Academicos
571 4004 755 4089 principem
785 4004 869 4070 inter
895 4006 1024 4070 ceteros
1052 4001 1276 4087 philosophos
1305 4000 1415 4067 locum
1445 4003 1560 4066 tenere

278 4110 344 4175 iam
383 4109 417 4176 in
456 4108 577 4178 Catulo
617 4111 891 4190 demonstrasset;
920 4127 1031 4193 neque
1058 4111 1127 4175 tam
1162 4108 1302 4192 abrupte
1337 4107 1560 4174 adiunxisset:

281 4215 405 4298 ,Quod
435 4217 570 4302 gravius
600 4216 771 4296 ferremus,
802 4216 829 4284 si
862 4217 1041 4301 quisquam
1076 4215 1178 4284 ullam
1210 4212 1423 4299 disciplinam
1448 4213 1558 4299 philo·

279 4322 420 4410 sophiae
449 4325 603 4408 probaret
633 4325 876 4410 praeteream,
905 4341 1007 4406 quam
1042 4321 1116 4407 ipse
1150 4323 1375 4402 sequeretur“,
1410 4338 1484 4387 cum
1521 4337 1560 4386 se

278 4430 397 4498 eadem
415 4430 457 4498 de
473 4449 507 4498 re
523 4431 557 4496 in
574 4431 683 4516 priore
699 4430 783 4498 libro
800 4430 938 4497 effusius
952 4429 1076 4495 dixisse
1093 4446 1162 4493 non
1179 4428 1354 4510 premeret.
1378 4424 1560 4507 Quotiens-

369 4675 1215 4751 ¹mfflfflwmffifflfflwmmmffi

369 4767 580 4840 &dmss
