3544 5320
861 405 904 429 ..-
929 375 970 433 ro

311 582 344 650 in
370 586 481 651 nostra
505 585 679 668 potestate,
704 581 738 648 in
761 599 814 662 eo,
839 580 896 667 qui
919 579 966 648 rei
989 579 1073 646 nulli
1095 578 1307 659 adsentietur,
1332 595 1402 645 non
1425 577 1493 644 erit
1509 619 1512 624 -
1529 577 1589 644 ubi

312 689 412 775 igitur
438 689 552 768 virtus,
586 689 615 756 si
643 688 724 755 nihil
754 687 853 755 situm
883 689 933 753 est
960 686 994 752 in
1023 686 1106 770 ipsis
1134 685 1255 754 nobis?
1299 683 1447 752 Maxime
1475 686 1592 750 autem

312 795 494 868 absurdum
534 795 614 862 vitia
653 795 688 861 in
727 795 876 881 ipsomm
921 811 997 860 esse
1034 795 1199 878 potestate
1246 809 1376 876 neque
1423 808 1592 877 peccare

313 919 551 989 quemquam
587 901 665 969 nisi
700 899 956 980 adsensione;
991 900 1057 966 hoc
1083 898 1172 966 idem
1201 899 1236 965 in
1264 898 1382 965 virtute
1405 915 1476 964 non
1500 915 1585 976 esse,

312 1009 409 1076 cuius
442 1009 554 1076 omnis
589 1008 773 1076 constantia
802 1010 835 1074 et
864 1005 1002 1073 firmitas
1031 1024 1072 1073 ex
1100 1004 1142 1072 iis
1165 1006 1264 1072 rebus
1288 1007 1429 1084 constat,
1463 1004 1593 1090 quibus

311 1115 455 1187 adsensa
494 1118 554 1196 est,
594 1132 678 1200 quas
717 1113 943 1200 adprobavit.“
998 1110 1221 1197 Cognoscitur
1259 1110 1359 1198 igitur
1393 1110 1511 1196 pariter
1543 1110 1587 1176 ab

311 1225 453 1308 utroque
475 1220 694 1290 Academicos
717 1219 840 1288 retelli.¹
877 1216 952 1285 Huc
968 1217 1103 1298 accedit,
1129 1217 1220 1305 quod
1237 1225 1270 1285 et
1290 1218 1325 1283 in
1351 1217 1527 1296 ,Lucullo“
1554 1219 1592 1284 et

310 1330 345 1404 in
373 1327 555 1415 Augustini
574 1328 667 1402 ,libro
696 1329 759 1395 hac
789 1326 917 1394 ratione
945 1324 1126 1412 disputatio
1155 1325 1197 1392 de
1224 1324 1441 1392 assentiendo
1465 1323 1590 1398 linitur.

310 1434 355 1518 Ut
378 1435 468 1503 enim
493 1432 611 1502 Cicero
639 1436 661 1518 ς
684 1435 738 1514 40,
762 1434 807 1500 ita
830 1431 1040 1519 Augustinus
1068 1433 1092 1515 §w
1112 1431 1156 1500 ai
1183 1431 1225 1498 ad
1250 1431 1349 1498 aliam
1373 1449 1442 1498 rem
1467 1430 1584 1516 pergit

309 1541 353 1612 at
363 1541 641 1619 „Lucullustvix
655 1542 755 1609 huius
771 1540 849 1608 lons
863 1538 935 1620 luit,
951 1556 1027 1606 cum
1044 1538 1147 1605 multa
1162 1538 1227 1606 alia
1247 1540 1349 1624 atque
1368 1537 1587 1605 luculentiora

311 1649 344 1722 in
359 1647 581 1725 ¹Academicis
609 1665 679 1715 non
710 1647 862 1733 exposita
889 1647 1046 1732 praebeat
1074 1663 1181 1730 eaque
1210 1645 1265 1724 ita,
1301 1647 1336 1711 ut
1363 1644 1527 1712 artissime
1550 1645 1588 1710 in

311 1773 348 1822 se
370 1755 581 1822 cohaereant.
627 1753 679 1821 Ne
702 1771 765 1821 suo
790 1752 925 1837 quidem
955 1752 1093 1838 ingenio
1122 1751 1184 1834 ista
1211 1751 1422 1837 Augustinus
1448 1751 1587 1830 invenit,

311 1860 403 1946 quod
427 1879 447 1931 a
470 1860 703 1947 probabilitate
725 1861 779 1928 uel
802 1878 844 1928 eo
868 1877 1003 1946 prorsus
1029 1859 1205 1927 abhorrere
1229 1858 1310 1926 milri
1334 1857 1475 1940 videtur,
1498 1859 1584 1942 quia

311 1985 543 2054 quaecumque
567 1969 762 2053 argumenta
786 1967 839 2034 hic
862 1966 994 2053 profert,
1025 1984 1065 2033 ea
1089 1984 1130 2033 ex
1152 1964 1361 2034 Academicis
1383 1983 1460 2032 esse
1483 1965 1587 2051 petita

310 2073 544 2155 intelleximus,
560 2091 692 2142 summa
708 2077 819 2142 autem
835 2074 909 2153 eius
925 2072 1225 2160 argumentationis
1241 2072 1355 2139 nititur
1371 2071 1405 2139 in
1422 2072 1590 2157 exemplis

310 2179 453 2252 duorum
477 2181 639 2257 viatorum
663 2184 697 2256 et
718 2181 953 2259 adulescentisv
967 2180 1192 2260 adulterantis
1216 2196 1304 2265 quae
1320 2178 1495 2260 „Lucullo“
1515 2197 1590 2246 nom

309 2287 529 2358 continentur.
649 2353 652 2360 ,
730 2357 732 2362 ,
846 2356 850 2365 ⁴

377 2391 452 2461 Sed
472 2393 537 2464 alia
566 2411 704 2480 quoque
731 2394 857 2465 ratione
881 2393 1059 2479 quaedam,
1084 2411 1172 2480 quae
1197 2410 1298 2472 nova,
1322 2391 1350 2458 si
1374 2407 1443 2459 non
1474 2391 1508 2458 in
1532 2392 1591 2458 his

309 2500 537 2586 paragraphis
561 2503 700 2569 atcerte
724 2501 758 2568 in
782 2500 873 2584 §dd
896 2501 996 2578 nobis
1020 2504 1205 2581 occumunt,
1230 2500 1264 2566 in
1281 2497 1454 2566 Ciceronis
1477 2498 1587 2584 capite·

310 2608 421 2673 exorta
450 2625 527 2674 esse
553 2608 744 2694 opinemur:
781 2606 870 2688 ,Qui
900 2611 1013 2675 autem
1041 2625 1111 2674 non
1140 2609 1258 2692 putant
1285 2606 1346 2673 ista
1371 2605 1588 2692 probabiliter

310 2730 413 2796 posse
436 2713 638 2799 persuaderi,
662 2714 776 2800 legant
798 2714 983 2782 orationem
1008 2712 1220 2794 Catilinae,
1244 2731 1310 2798 qua
1334 2712 1585 2799 patriaeparri·

307 2818 444 2901 cidium,
479 2838 549 2906 quo
585 2838 654 2888 uno
691 2820 902 2892 continentur
936 2821 1050 2888 omnia
1089 2820 1222 2900 scelera,
1262 2819 1458 2906 persuasit&
1517 2817 1584 2886 Sed

308 2925 365 2998 Ac,
392 2926 417 2994 ll
451 2926 533 3010 621)
572 2927 714 2996 libenter
752 2926 841 3017 illius
881 2926 1077 2996 Ciceronem
1118 2926 1324 3005 mentionem
1362 2925 1469 2994 tacere
1503 2926 1590 2993 satis

309 3037 518 3102 monstratur.

332 3204 335 3209 .
397 3139 484 3212 Cum
501 3140 645 3214 verode
668 3140 866 3214 assensione
889 3142 993 3218 multo
1018 3142 1114 3228 plura
1137 3141 1179 3207 ab
1193 3139 1383 3226 Augustino
1404 3138 1591 3225 explanari,

309 3264 409 3331 quam
433 3247 467 3314 in
484 3247 622 3318 Lucullo
637 3247 868 3329 inveniuntur,
888 3249 1061 3335 cognitum
1078 3248 1131 3328 sit,
1154 3264 1265 3332 neque
1282 3263 1323 3312 ex
1345 3246 1462 3331 paucis
1485 3245 1592 3313 huius

309 3352 382 3420 libri
416 3353 720 3438 significationibus
752 3354 834 3422 solis
867 3357 934 3422 tam
967 3358 1084 3441 arguta
1118 3354 1314 3440 argumenta
1346 3370 1454 3438 eaque
1486 3369 1591 3419 qma·—

309 3458 437 3527 tissime
469 3461 620 3546 exposita
653 3461 855 3547 provenisse·
878 3461 1017 3548 cogitari
1049 3461 1167 3546 possit,
1202 3461 1283 3529 nihil
1318 3458 1408 3528 aliud
1444 3459 1508 3527 nisi
1542 3477 1584 3526 ex

309 3565 439 3650 perdito
462 3567 610 3652 quodam
633 3567 718 3636 libro
729 3567 1004 3639 Academicorum
1030 3568 1092 3639 ista
1115 3586 1191 3636 esse
1215 3565 1350 3655 petital)
1374 3565 1591 3646 concludam..

398 3796 423 3864 ¹)
441 3797 568 3852 lucullus
591 3796 714 3853 Ciceroni
740 3799 817 3854 dicit:
849 3797 979 3862 ,Provide
1004 3801 1093 3865 etiam,
1117 3813 1153 3854 ne
1175 3801 1222 3854 uni
1245 3800 1293 3855 tibi
1316 3799 1394 3854 istam
1419 3797 1590 3858 sententiam·

308 3887 420 3942 minime
443 3886 523 3942 liceat
545 3885 703 3942 defendere.
740 3901 774 3942 an
794 3889 831 3951 tu,
854 3901 916 3942 cum
940 3902 982 3942 res
1005 3889 1202 3944 occultissimae
1224 3889 1363 3960 aperueris
1386 3887 1413 3942 ln
1438 3887 1592 3954 lucemque·

307 3976 452 4044 protuleris
470 3977 626 4046 iuratusque
646 3975 749 4031 dixeris
767 3990 799 4031 ea
817 3978 844 4031 te
863 3979 1038 4047 comperisse,
1058 4016 1106 4033 ...
1125 3978 1242 4050 negabis
1255 3991 1319 4033 esse
1332 3990 1388 4036 rem
1401 3975 1492 4040 ullam,
1510 3987 1592 4043 quaer

307 4067 456 4136 cognosci.
470 4106 477 4121 .
491 4110 498 4124 .
516 4063 638 4136 possiti·

361 4150 385 4221 ς)
404 4151 551 4224 Fingamus
578 4167 650 4208 nunc
677 4152 804 4208 Catulum
831 4155 878 4208 vel
905 4155 1074 4211 librumAc.
1102 4156 1173 4225 post.
1201 4157 1330 4209 vicarium
1357 4153 1442 4209 tuisse
1471 4151 1583 4208 iontenu

307 4240 435 4306 Primum,
454 4244 476 4296 si
495 4244 531 4297 ita
551 4245 635 4305 esset.
658 4257 767 4313 prorsus
786 4241 841 4298 non
860 4249 934 4299 esset
953 4245 1101 4301 verisimile
1119 4259 1154 4300 ex
1167 4244 1277 4300 duobus
1294 4244 1369 4298 libris
1388 4243 1491 4313 (neque
1510 4244 1591 4297 eninn

307 4329 421 4384 dubium
449 4333 505 4397 est,
533 4335 598 4401 quin
626 4332 728 4387 Luculli
757 4335 867 4388 materia
897 4335 1022 4388 tractetur
1052 4333 1094 4403 ξς
1120 4333 1156 4389 30
1179 4332 1251 4404 sqq.)
1279 4333 1463 4404 Augustinum
1492 4333 1590 4401 ipsum

308 4421 496 4490 gravlmlnram
509 4421 800 4486 istamrelutationem,
814 4436 884 4491 quae
897 4424 938 4477 est
950 4423 1068 4492 simplex
1081 4424 1163 4492 atque
1176 4424 1202 4477 in
1216 4437 1247 4478 se
1259 4423 1413 4486 coniuncta,
1422 4419 1582 4476 coniecisse.

308 4507 416 4564 Deinde
442 4511 523 4564 etiam
545 4511 597 4565 alla
620 4524 701 4565 causa
723 4511 826 4565 obstat:
857 4526 917 4566 cum
941 4512 996 4565 iam
1019 4512 1264 4567 vehementissime
1292 4509 1389 4566 Cicero
1416 4512 1593 4580 vituperetur*

307 4600 335 4652 in
354 4597 370 4666 5
387 4596 432 4664 35,
457 4598 532 4668 quod
546 4599 738 4654 adulescentes
756 4599 791 4654 ad
810 4601 1018 4669 qualiacumque
1037 4602 1139 4656 scelera
1158 4603 1293 4656 sententia
1317 4615 1367 4655 sua
1385 4601 1485 4665 illiciat,
1513 4601 1592 4654 lianc·

307 4689 395 4756 ipsam
414 4689 466 4742 iam
484 4689 547 4743 ante
565 4689 644 4743 istam
657 4689 804 4744 adversarii
817 4691 1043 4758 vituperationem
1056 4691 1129 4746 illius
1142 4693 1235 4746 nescio
1250 4705 1305 4760 quo
1318 4691 1379 4745 loco
1391 4689 1426 4744 ab
1438 4689 1581 4744 Academi·

301 4789 399 4831 corum
418 4779 531 4845 patrono
550 4779 703 4848 expositam
722 4776 807 4832 luisse
820 4781 1032 4833 consentaneum
1046 4782 1096 4835 est.
1128 4780 1226 4850 Neque
1243 4781 1342 4844 obstat,
1361 4779 1435 4847 quod
1448 4778 1590 4833 llirzelius
