3544 5320
826 313 1005 373 ...56-

366 518 485 606 Neque
497 520 591 587 aliter
605 537 657 586 res
674 520 823 588 sehabet
839 521 872 587 in
887 520 928 588 iis
944 520 1018 588 libri
1035 519 1082 589 iil.
1098 538 1127 587 c.
1142 519 1200 587 Ac.
1217 520 1446 606 paragraphis,
1468 537 1554 606 quae

276 629 477 710 sequuntur:
503 624 713 712 Augustinus
737 626 888 711 procedit
911 626 945 693 in
975 627 1134 713 physicis,
1159 643 1234 694 cum
1259 627 1359 694 verba
1387 626 1484 693 iaciat
1512 624 1554 694 de

278 733 369 810 visis,
406 751 494 818 quae
528 733 744 819 vigilantibus
779 737 812 800 et
840 734 1084 801 dormientibus
1116 732 1169 800 vel
1204 733 1332 800 insanis
1361 734 1554 818 appareant.

277 839 383 922 Quod
416 839 577 909 contineri
601 839 659 907 Ac.
677 840 751 908 libri
774 839 808 908 ii.
833 841 872 925 ἐξ
887 840 1020 908 51-54
1036 841 1117 907 satis
1134 839 1250 907 elucet.
1286 839 1328 907 At
1343 837 1554 919 Academica,

278 965 367 1030 quae
390 949 579 1032 supersunt,
610 951 700 1032 nego
728 946 798 1013 lieri
827 947 988 1033 potuisse,
1012 949 1048 1013 ut
1064 946 1118 1014 ille
1135 945 1322 1031 respiceret,
1346 964 1421 1013 curn
1447 946 1554 1030 ipsius

278 1053 524 1139 argumentatio
548 1053 674 1120 acutior
698 1053 741 1120 sit
765 1071 866 1138 quam
891 1052 1058 1140 Luculli1).

368 1195 436 1264 Sed
461 1195 615 1282 singulos
640 1194 819 1282 Augustini
836 1195 929 1263 locos
952 1195 1189 1287 perlustremus
1204 1194 1338 1262 alterius
1355 1193 1554 1262 Academica

279 1303 504 1388 respicientes.
574 1302 670 1369 initio
704 1321 732 1370 c.
753 1300 812 1368 Ac.
834 1301 870 1369 iii
905 1301 949 1369 24
983 1302 1025 1382 ei,
1055 1301 1112 1388 qui
1142 1304 1236 1387 putat
1270 1300 1424 1368 nonnihil
1453 1319 1555 1385 posse

280 1409 367 1490 sciri,
401 1409 492 1476 velut
519 1411 576 1475 aut
603 1427 708 1475 unum
733 1427 809 1476 esse
834 1409 997 1476 mundum
1023 1411 1172 1475 autnon
1197 1425 1312 1487 unum,
1336 1406 1556 1475 Academicus

278 1531 456 1583 occurrens
485 1514 652 1583 inducitur
681 1516 745 1582 hoc
769 1515 886 1582 modo:
926 1514 1044 1591 „Unde
1068 1515 1134 1582 scis
1157 1533 1232 1582 esse
1256 1515 1356 1583 istum
1380 1513 1556 1593 mundum,

278 1623 307 1690 si
342 1640 462 1690 sensus
496 1621 695 1689 falluntur?“
743 1621 794 1689 Ad
830 1622 864 1689 id
899 1621 1134 1708 respondetur:
1173 1621 1374 1706 ,Nunquam
1410 1621 1556 1688 rationes

278 1733 407 1799 vestrae
430 1729 474 1796 ita
497 1729 565 1795 vim
590 1747 752 1796 sensuum
770 1729 915 1797 retellere
932 1732 1122 1815 potuerunt,
1144 1733 1180 1796 ut
1196 1729 1438 1796 convinceretis
1454 1728 1557 1796 nobis

280 1836 364 1902 nibil
386 1835 523 1916 videri,
539 1885 556 1902 ,‚
575 1885 608 1902 ..
633 1835 701 1903 sed
726 1853 849 1921 posse
873 1836 982 1904 aliud
999 1854 1089 1904 esse
1106 1854 1149 1902 ac
1165 1835 1325 1905 videtur
1349 1840 1430 1902 ...“
1467 1834 1558 1902 Haec

280 1944 349 2011 duo
373 1943 402 2010 si
425 1943 670 2027 comparaveris
692 1961 769 2010 cum
794 1942 851 2010 Ac.
868 1942 892 2010 ll
915 1944 973 2010 47:
1001 1943 1167 2021 ,Primum
1191 1943 1357 2010 conantur
1379 1941 1557 2010 ostendere

279 2050 383 2117 muita
407 2067 511 2135 posse
532 2049 664 2117 videri
692 2068 779 2129 esse,
816 2069 903 2136 quae
926 2051 1068 2118 omnino
1091 2049 1182 2117 nulla
1207 2049 1294 2117 sint“
1318 2052 1352 2117 et
1373 2048 1432 2117 Ac.
1448 2049 1473 2116 ii
1502 2049 1557 2116 19:

280 2157 380 2238 „Non
402 2157 492 2223 enim
516 2157 545 2224 is
569 2174 654 2236 sum,
679 2156 737 2240 qui
761 2156 926 2244 quidquid
949 2157 1089 2236 videtur,
1119 2157 1186 2225 tale
1210 2156 1319 2224 dicam
1343 2173 1430 2236 esse,
1458 2155 1558 2241 quale

280 2263 452 2332 videatur“
482 2266 515 2331 et
537 2261 594 2330 Ac.
610 2262 635 2329 ll
662 2262 739 2331 101:
764 2262 905 2348 „Neque
927 2281 993 2331 nos
1018 2267 1132 2331 contra
1154 2281 1275 2331 sensus
1298 2262 1392 2330 aliter
1415 2261 1558 2330 dicimus

281 2389 320 2438 ac
353 2370 468 2451 Stoici,
499 2371 557 2455 qui
592 2370 695 2437 multa
730 2371 813 2438 laisa
847 2388 922 2438 esse
949 2372 1064 2438 dicunt
1093 2371 1262 2456 longeque
1287 2369 1407 2436 aliter
1431 2388 1472 2437 se
1496 2370 1559 2436 ba·

282 2479 373 2545 bere
408 2496 451 2544 ac
478 2477 666 2546 sensibus
695 2477 939 2557 videantur,“
964 2477 1079 2545 videas
1114 2477 1204 2544 idem
1233 2479 1275 2544 ab
1304 2479 1448 2560 utroque
1476 2475 1559 2544 Aca·

282 2584 420 2652 demicis
443 2583 597 2651 concedi:
622 2602 672 2663 ea,
697 2601 784 2668 quae
808 2581 972 2663 videntur,
990 2587 1133 2670 possunt
1156 2583 1220 2652 alia
1243 2601 1320 2652 esse
1343 2601 1381 2651 ac
1395 2582 1558 2650 videntur.

281 2688 397 2776 Itaque
419 2689 629 2776 Augustinus
654 2690 780 2758 ibidem
805 2689 884 2757 dicit
907 2691 1048 2763 tortasse
1071 2709 1183 2774 neque
1206 2693 1324 2758 terram
1349 2707 1425 2758 esse
1448 2707 1560 2775 neque

281 2797 421 2878 caelum,
456 2815 544 2882 quae
567 2797 731 2876 videntur,
755 2795 815 2864 sed
840 2797 978 2881 ‚Anasi
1001 2800 1146 2865 terram
1171 2801 1209 2864 et
1232 2797 1349 2881 quasi
1372 2796 1560 2876 caelum“‚

282 2923 322 2972 ea
356 2922 437 2972 vero
471 2905 545 2990 ipsa
568 2923 587 2972 a
619 2923 655 2972 se
684 2904 849 2972 nominari
873 2907 1001 2972 tantum
1030 2906 1229 2972 mundum.
1277 2903 1381 2985 Quod
1405 2903 1433 2970 si
1458 2921 1560 2988 quem

282 3012 441 3091 oliendat,
465 3011 513 3079 de
537 3011 725 3091 „nomine
758 3012 1102 3079 controversiam“
1139 3030 1216 3079 eum
1244 3009 1362 3078 lacere.
1413 3010 1560 3078 Primum

281 3137 346 3186 nos
375 3118 568 3204 intellegere
596 3135 735 3185 necesse
763 3121 813 3186 est
834 3117 1055 3186 Academicos
1079 3136 1132 3198 eq,
1162 3136 1231 3203 quo
1253 3137 1281 3186 c.
1298 3117 1354 3184 Ac.
1371 3116 1395 3184 ii
1418 3117 1461 3184 24
1485 3135 1561 3202 sqq.

285 3224 414 3293 defensi
438 3228 526 3305 sunt,
551 3225 714 3292 hocloco
738 3225 940 3312 impugnari,
956 3225 1002 3292 id
1027 3228 1077 3293 est
1100 3243 1153 3305 eu,
1177 3224 1271 3309 quod
1295 3225 1337 3292 de
1359 3223 1469 3291 verbis
1493 3240 1561 3289 cer·

284 3331 422 3398 tandum
447 3349 517 3398 non
541 3329 637 3417 esi2).
683 3331 735 3399 Ne
763 3333 845 3398 mihi
870 3331 1041 3400 refellendi
1064 3350 1165 3400 causa
1189 3333 1381 3419 opponatur
1403 3348 1472 3397 non
1493 3333 1561 3396 tanr

375 3544 399 3613 ¹)
418 3542 517 3614 Neque
539 3559 606 3599 vero
625 3544 678 3599 boc
696 3547 793 3600 mirum
812 3545 862 3599 est.
900 3543 1024 3601 Ciceroni
1043 3547 1125 3610 enim,
1144 3547 1169 3600 si
1186 3546 1273 3600 victor
1291 3544 1326 3600 de
1345 3546 1401 3599 rina
1420 3543 1562 3598 discedere

283 3633 378 3697 voluit,
401 3633 429 3688 id
448 3634 629 3702 spectandum
648 3633 712 3699 erat,
732 3634 762 3689 ut
780 3633 1002 3705 dogmaticorum¹
1016 3635 1176 3705 argumenta
1195 3649 1278 3704 quam
1297 3633 1442 3703 plurimum
1461 3632 1563 3702 praecl-

285 3721 418 3776 derentur.
456 3722 515 3778 Hoc
534 3725 559 3778 ei
578 3737 656 3778 curae
675 3722 761 3778 luisse
779 3722 846 3778 milri
865 3723 981 3788 videtur,
1010 3737 1071 3780 cum
1091 3722 1231 3779 Lucullum
1244 3721 1366 3794 tingebat
1378 3722 1562 3777 occurrentem

285 3811 333 3865 Ac.
347 3811 368 3866 il
387 3810 435 3867 52:
458 3811 527 3875 ,‹At
545 3813 618 3866 enim
637 3811 702 3866 dum
714 3812 843 3867 videntur
856 3811 905 3880 (sc.
917 3814 998 3880 visa),
1012 3812 1111 3867 eadem
1124 3813 1166 3868 est
1178 3815 1206 3867 in
1218 3814 1323 3867 somnis
1335 3813 1443 3882 species
1455 3824 1562 3865 eorum·

285 3915 420 3970 quequae
430 3900 575 3972 vigilantes
585 3900 738 3956 videmus».
758 3900 901 3956 Primum
917 3901 1073 3966 interest,
1086 3901 1146 3956 sed
1159 3901 1191 3956 id
1203 3901 1425 3956 omittamus·
1459 3899 1499 3954 En
1516 3899 1564 3955 tali

285 3991 368 4060 igitur
385 3989 569 4059 respondendi
587 3991 691 4045 ratione
709 3990 785 4059 patei
803 3989 924 4056 Lucullo,
943 3994 972 4046 ut
990 3992 1091 4056 omisit,
1104 3993 1140 4046 ita
1159 3993 1223 4045 nota
1236 3991 1371 4060 quaedam
1385 3989 1478 4054 luisse,
1492 4003 1563 4058 quae

286 4080 378 4132 contra
397 4080 476 4133 istam
495 4078 720 4134 Academicorum
739 4081 963 4135 intercessionem
982 4080 1119 4150 disputata
1138 4082 1221 4135 erant.
1246 4079 1347 4149 ltaque,
1360 4094 1422 4136 cum
1436 4078 1564 4134 Antioclri

286 4170 376 4236 partes
394 4169 530 4237 sequatur,
549 4167 631 4232 hunc,
649 4169 708 4222 eius
727 4168 937 4237 explicationum
956 4170 1103 4234 auctorem,
1130 4171 1207 4238 plura
1230 4177 1323 4223 contra
1341 4168 1403 4223 illos
1420 4168 1564 4238 protulisse

284 4255 364 4311 tuelle
382 4256 556 4328 intellegitur.
584 4255 647 4311 Non
660 4256 733 4311 nulla
746 4271 850 4312 revera
862 4256 915 4312 hoc
927 4257 989 4312 loco
1002 4272 1017 4312 a
1030 4256 1163 4313 Cicerone
1176 4257 1352 4326 praetermitti
1366 4256 1565 4312 demonstratur

286 4344 334 4400 Ac.
348 4343 368 4399 il
387 4345 434 4400 49:
457 4345 516 4409 ,Ad
534 4346 584 4400 has
602 4359 699 4401 omnes
708 4348 831 4401 visiones
848 4348 946 4402 inanes
965 4346 1116 4402 Antiochus
1135 4346 1247 4415 quidem
1262 4346 1289 4401 et
1301 4346 1434 4416 permulta
1447 4345 1564 4409 dicebat,

287 4437 315 4488 et
342 4435 399 4489 erat
425 4435 461 4489 de
486 4436 538 4490 hac
561 4449 589 4491 re
607 4450 660 4489 una
680 4437 760 4490 unius
779 4436 834 4491 diei
853 4435 1011 4505 disputatio.
1047 4436 1113 4490 mihi
1132 4437 1223 4491 autem
1242 4450 1297 4491 non
1315 4435 1389 4491 idem
1409 4433 1564 4490 laciendum

285 4524 354 4592 puto
381 4523 433 4578 sed
456 4527 514 4593 ipsa
532 4527 620 4594 capita
638 4524 777 4580 dicenda·
817 4523 926 4592 Quibus
944 4526 1074 4594 reputatis
1092 4527 1196 4600 optimo
1215 4528 1272 4580 lure
1291 4524 1478 4580 concludimus
1496 4523 1565 4579 Aca·

287 4612 454 4668 demicorum
473 4614 620 4670 editionem
639 4614 818 4684 posteriorem
835 4613 982 4685 Augustini
1000 4613 1086 4669 luisse
1103 4614 1215 4669 iontem.

376 4699 400 4769 ²)
419 4702 452 4758 cl.
466 4717 527 4775 pag.
540 4703 584 4769 23,
603 4701 638 4758 35
657 4717 726 4772 sqq..
